1412 2427
412 45 815 85 CISTELLARIA.
843 45 900 84 ΙΙ.
938 46 972 83 1.
1160 45 1239 84 329

126 153 262 191 Animi
279 153 413 191 habeo.
446 152 527 190 Ubi
545 165 646 200 sum,
665 152 719 190 ibi
730 164 806 190 non
822 165 908 190 sum
923 167 932 190 :
954 152 1021 189 ubi
1039 164 1115 190 non
1134 164 1234 197 sum,

293 206 347 244 ibi
369 213 424 243 est
442 206 604 243 animus.
1207 207 1233 242 6

120 261 182 298 Ita
199 259 297 298 mihi
314 259 444 297 omnia
460 258 612 308 ingenia
631 266 743 296 sunt:
773 258 876 310 quod
890 259 1008 306 lubet,
1028 271 1105 297 non
1123 259 1233 296 lubet

276 314 358 362 jam
376 312 415 351 id
434 313 624 351 continuo.

117 368 181 405 Ita
197 379 260 404 me
277 367 403 404 Amor
420 366 562 404 lassum
581 365 701 403 animi
718 365 903 412 ludificat,
922 364 1044 416 fugat,
1057 365 1149 416 agit,
1162 378 1231 417 ap-

305 428 384 466 ent,

117 434 445 526 Raptagpretinet,
464 472 594 520 lactat,
612 473 797 523 largitur:
818 472 922 524 quod
939 471 1018 519 dat,
1038 484 1114 510 non
1132 472 1224 509 dat:

278 526 448 564 deludit:

117 580 239 618 Modo
257 580 361 631 quod
379 579 509 627 suasit,
530 578 749 617 dissuadet:
779 578 883 630 quod
900 579 1089 625 dissuasit,
1109 578 1148 616 id
1167 591 1226 616 os-

278 641 409 672 tentat.
1175 632 1223 669 10

115 687 339 725 Maritumis
370 686 540 724 moribus
572 698 722 723 mecum
755 685 948 736 experitur
963 700 974 723 ε
1012 686 1065 723 ita
1093 697 1224 724 meum

272 740 415 791 frangit
431 747 622 778 amantem

114 794 332 832 Animum:
362 806 499 844 neque,
528 793 602 830 nisi
629 792 721 844 quia
747 793 861 830 miser
887 804 962 830 non
985 805 1028 831 eo
1055 805 1222 844 pessum,

273 847 371 884 mihi
391 847 468 884 ulla
486 848 591 896 abest

115 901 270 939 Perdito
287 900 468 950 pernicies
483 914 493 936 :
523 899 577 937 ita
594 906 700 949 pater
713 899 817 949 apud
835 899 965 937 villam
984 899 1145 938 detinuit
1162 912 1225 938 me

281 953 350 991 hos
369 954 447 991 dies
466 966 531 991 sex

113 1007 214 1046 Ruri
245 1007 468 1045 continuos:
511 1018 635 1056 neque
665 1005 812 1043 licitum
844 1007 986 1045 interea
1012 1016 1067 1046 est
1097 1021 1222 1046 meam

273 1061 436 1098 amicam
452 1061 579 1098 visere.

111 1114 232 1152 Estne
250 1114 322 1152 hoc
340 1114 519 1152 miserum
538 1120 750 1150 memoratu
765 1116 782 1151 ?
1179 1115 1227 1152 15

114 1170 214 1206 Asel.
243 1168 305 1205 Eo
322 1167 491 1215 facetu’s‚
512 1167 603 1218 quia
621 1166 691 1203 tibi
718 1167 792 1205 alia
814 1175 871 1206 aet
897 1180 1035 1219 sponsa
1056 1169 1225 1220 locuples

273 1220 468 1259 Lemnia?

113 1276 290 1314 Habeas:
347 1287 472 1325 neque
506 1285 576 1312 nos
611 1272 774 1313 factione
811 1274 932 1323 tanta,
974 1275 1119 1326 quanta
1161 1283 1220 1323 tu,

271 1341 432 1373 sumus3

110 1383 249 1434 Neque
276 1394 366 1432 opes
397 1389 533 1420 nostrae
562 1389 643 1419 tam
673 1388 763 1418 sunt
794 1380 940 1430 vah‘dae‚
974 1395 1090 1433 quam
1123 1389 1219 1421 tuae:

271 1444 535 1473 verumtamen

111 1489 231 1527 Haud
257 1495 402 1536 metuo,
432 1501 481 1526 ne
509 1487 781 1537 jusjurandum
813 1495 984 1526 nostrum
1016 1489 1220 1540 quisquam

274 1542 446 1591 culpitet.

111 1596 178 1634 Tu
210 1597 307 1646 jam,
347 1595 379 1633 si
413 1595 507 1646 quid
542 1594 612 1633 tibi
647 1594 803 1644 dolebit,
842 1595 948 1644 scies,
986 1595 1062 1648 quei.
1098 1596 1224 1634 doleat

271 1649 403 1699 gratia.
1168 1652 1222 1688 20

114 1703 200 1740 Alc.
230 1701 299 1739 Dii
317 1714 380 1739 me
398 1702 616 1753 perdant..

218 1756 321 1793 Mel.
338 1754 621 1806 Quodcumque
639 1762 760 1806 optes,
773 1755 887 1794 velim
908 1756 976 1794 tibi
994 1756 1225 1807 contingere.

111 1810 200 1847 Alc.
228 1809 270 1848 Si
293 1807 401 1845 illam
426 1822 584 1847 uxorem
611 1809 756 1848 duxero
780 1821 968 1861 unquam,
991 1810 1087 1848 mihi
1106 1823 1223 1862 quam

272 1861 474 1912 doepondit
489 1870 606 1912 pater.

113 1917 217 1954 Mel.
244 1914 299 1953 Et
318 1927 394 1959 me
415 1915 447 1953 si
465 1927 638 1966 unquam
663 1915 732 1954 tibi
756 1929 916 1954 uxorem
941 1916 1061 1955 filiam
1088 1916 1226 1955 dedero

275 1981 414 2006 meam.

118 2023 208 2060 Alc.
237 2022 439 2071 Perjurare
457 2033 520 2060 me
539 2021 712 2073 patiere?

567 2077 667 2114 stlel.
701 2076 832 2126 Atque
850 2075 1046 2127 aliquanto
1064 2076 1227 2123 facilius,

115 2127 249 2176 Quam
267 2141 331 2168 me
351 2142 554 2182 meamque
574 2142 652 2168 rem
673 2130 807 2180 perire,
829 2137 865 2168 et
884 2129 1070 2220 lgdifigari
1089 2130 1223 2167 filiam.

951 2193 977 2221 F
