1412 2427
160 52 235 90 138
452 53 803 93 AULULARIA.
832 54 915 92 III.
945 57 982 92 5.

151 159 328 206 Quorum
347 159 482 198 animis
500 160 632 208 avidis,
652 168 766 212 atque
784 161 1070 206 insatietatibus,
1208 162 1255 199 13

151 212 288 263 Neque
307 214 383 259 lex,
404 225 526 264 neque
541 221 641 252 tutor
655 227 784 265 capere
798 224 852 253 est
870 216 936 266 qui
953 215 1069 266 possit
1087 214 1258 252 modum.

149 264 344 316 Namque,
374 266 445 304 hoc
473 267 539 318 qui
567 267 667 306 dicat
682 282 692 305 ε
736 271 764 290 “
792 268 883 316 Quo
915 269 991 306 illae
1021 269 1166 305 nubent
1195 268 1255 304 di-

306 319 397 357 vites
1199 320 1247 358 15

147 371 314 418 Dotatae,
336 373 365 410 si
384 372 486 410 istud
500 374 564 421 jus
582 374 811 425 pauperibus
829 374 1009 425 ponitur?
1024 374 1049 391 ’'

146 424 236 472 Quo
255 426 383 463 lubeat
401 427 562 473 nubant,
582 427 675 465 dum
694 427 760 465 dos
779 440 826 465 ne
845 428 911 464 fiat
930 440 1066 465 comes.

147 477 234 516 Hoc
253 478 283 515 si
302 479 354 515 ita
372 478 452 525 fiat,
471 491 592 518 mores
610 480 780 518 meliores
799 481 870 518 sibi

147 531 301 578 Parent,
322 544 390 582 pro
408 531 494 570 dote
513 545 607 583 quos
625 533 758 580 ferant,
780 547 896 585 quam
915 546 1017 571 nunc
1036 532 1173 573 ferunt.

144 584 232 634 Ego
250 584 384 631 faxim,
404 585 515 631 muli,
535 586 653 636 pretio
671 587 738 637 qui
757 594 934 638 superant
952 599 1085 638 equos,
1201 590 1253 627 20

145 637 230 675 Sint
250 638 396 676 viliores
417 638 572 676 Gallicis
591 640 802 677 cantheriis.

144 693 245 728 Eae.
279 691 341 728 Ita
372 704 434 729 me
455 691 524 728 Dii
553 695 750 740 amabunt,
778 701 821 731 ut
850 706 919 744 ego
946 693 1048 730 hunc
1075 695 1249 731 ausculto

303 744 451 782 lubens.

141 797 270 836 Nimis
288 797 411 847 lepide
428 797 515 835 fecit
534 800 647 837 verba
666 800 714 837 ad
731 799 1018 850 parcimoniam.

141 852 254 900 Meg.
286 851 409 888 Nulla
432 851 548 901 igitur
567 852 689 890 dicat:
721 856 749 875 ‘⁶
770 853 962 904 Equidem
981 853 1107 891 dotem
1136 854 1184 891 ad
1213 861 1249 891 te

299 904 410 941 attuli

140 956 332 1004 Majorem
351 958 484 1001 multo,
506 971 623 1009 quam
642 959 712 997 tibi
732 966 808 997 erat
828 960 998 1010 pecunia.
1196 963 1247 998 25

138 1008 257 1046 Enim
274 1012 328 1100 ng
349 1011 502 1071 quidem
522 1025 676 1062 aequum
692 1012 737 1050 ’st
757 1026 966 1064 purpuram
981 1020 1095 1064 atque
1109 1027 1245 1051 aurum

327 1076 392 1110 an,

138 1114 324 1163 Ancillas,
345 1118 484 1165 mulos,
505 1118 706 1164 muliones,
725 1120 979 1171 pedissequOS‚

141 1169 412 1220 Salutigerulos
431 1183 581 1220 pueros,
602 1172 787 1219 vehicula,
809 1176 877 1224 qui
899 1173 1051 1211 vehar.'’

135 1225 236 1260 Eue.
258 1223 314 1261 Ut
330 1231 588 1262 matronarum
607 1225 668 1263 hic
687 1226 785 1264 facta
803 1227 973 1277 pernovit
991 1228 1107 1277 probe
1125 1226 1134 1263 !

137 1277 315 1314 Moribus
328 1278 547 1327 praefectum
558 1279 765 1317 mulierum
776 1280 878 1318 hunc
889 1280 1032 1318 factum
1045 1281 1172 1317 velim.
1194 1280 1246 1318 30

137 1332 251 1380 Meg.
288 1329 417 1377 Nunc,
447 1344 601 1382 quoquo
628 1333 768 1381 venias,
801 1334 888 1384 plus
917 1334 1174 1384 plaustrorum
1205 1334 1244 1370 in

294 1383 438 1422 aedibus

135 1435 290 1482 Videas,
311 1450 427 1487 quam
445 1437 537 1483 ruri,
559 1439 711 1487 quando
729 1439 777 1476 ad
796 1440 926 1476 villam
946 1440 1102 1477 veneris.

134 1489 209 1527 Sed
227 1489 298 1527 hoc
316 1490 429 1527 etiam
454 1490 660 1541 pulchrum
676 1492 736 1538 ’st,
756 1505 833 1543 prae
851 1505 969 1543 quam
998 1493 1065 1531 ubi
1093 1500 1243 1531 sumtus

294 1550 441 1593 petunt.

133 1596 216 1633 Stat
233 1596 343 1643 fullo,
363 1596 539 1647 phrygio,
559 1597 717 1639 aurifex,
736 1598 925 1637 lanarius:

135 1647 336 1699 caupones
356 1650 565 1700 patagiarii‚
585 1650 795 1696 indusiarii‚
1189 1657 1242 1694 35

132 1701 392 1750 Flammearii,
409 1703 569 1751 violarii,
590 1704 776 1752 cai-inani,

131 1755 218 1792 Aut
235 1756 474 1803 manulearii,
494 1764 561 1794 aut
579 1757 886 1808 murobrecharii‚

134 1808 323 1857 Propolae,
344 1810 540 1857 linteones,
560 1810 779 1859 calceolarii‚

132 1861 342 1899 Sedentarii
360 1870 516 1911 sutores,
537 1863 794 1914 diabatfflarii,

131 1915 289 1953 Solearii
306 1916 478 1960 adstant3
510 1916 659 1955 adstant
677 1919 964 1968 molochinarii;
1186 1924 1238 1962 40

133 1968 355 2019 Strophiarii
373 1969 546 2015 adstant3
577 1970 726 2008 adstant
743 1974 991 2012 semizonarii.

129 2022 157 2060 J
161 2035 223 2059 am
241 2023 353 2060 hosce
373 2024 564 2062 absolutos
582 2036 731 2062 censeas
747 2040 758 2063 ι
789 2027 942 2076 cedunt,
961 2036 1096 2080 petunt

132 2074 330 2119 Textores,
349 2076 569 2125 limbolaffi,
588 2078 784 2117 arcularii:

132 2127 273 2168 Petunt
290 2129 466 2180 fullones,
487 2131 728 2171 sarcinatores
746 2141 894 2184 petunt.
