<?xml version="1.0" encoding="UTF-8"?>
<!DOCTYPE html PUBLIC "-//W3C//DTD XHTML 1.0 Transitional//EN"
    "http://www.w3.org/TR/xhtml1/DTD/xhtml1-transitional.dtd">
<html xmlns="http://www.w3.org/1999/xhtml" xml:lang="en" lang="en">
 <head>
  <title>
</title>
<meta http-equiv="Content-Type" content="text/html;charset=utf-8" />
  <meta name='ocr-system' content='tesseract 3.04.00' />
  <meta name='ocr-capabilities' content='ocr_page ocr_carea ocr_par ocr_line ocrx_word'/>
</head>
<body>
  <div class='ocr_page' id='page_1' title='image "./comoediaesupers01plauuoft_0112.png"; bbox 0 0 1412 2427; ppageno 0'>
   <div class='ocr_carea' id='block_1_1' title="bbox 161 38 951 78">
    <p class='ocr_par' dir='ltr' id='par_1_1' title="bbox 161 38 951 78">
     <span class='ocr_line' id='line_1_1' title="bbox 161 38 951 78; baseline -0.003 -2"><span class='ocrx_word' id='word_1_1' title='bbox 161 38 235 77; x_wconf 77' lang='lat'><strong>104</strong></span> <span class='ocrx_word' id='word_1_2' title='bbox 478 38 777 78; x_wconf 71' lang='lat' dir='ltr'><strong>ASINARIA.</strong></span> <span class='ocrx_word' id='word_1_3' title='bbox 805 38 881 78; x_wconf 88' lang='lat' dir='ltr'><strong>IV.</strong></span> <span class='ocrx_word' id='word_1_4' title='bbox 917 39 951 76; x_wconf 91' lang='lat'><strong>1.</strong></span> 
     </span>
    </p>
   </div>
   <div class='ocr_carea' id='block_1_2' title="bbox 171 144 1275 355">
    <p class='ocr_par' dir='ltr' id='par_1_2' title="bbox 171 144 1275 355">
     <span class='ocr_line' id='line_1_2' title="bbox 595 144 1270 196; baseline -0.001 -14"><span class='ocrx_word' id='word_1_5' title='bbox 595 146 711 183; x_wconf 84' lang='lat' dir='ltr'><strong>Leon.</strong></span> <span class='ocrx_word' id='word_1_6' title='bbox 732 145 904 194; x_wconf 87' lang='lat' dir='ltr'><strong>Patieris,</strong></span> <span class='ocrx_word' id='word_1_7' title='bbox 923 144 1161 196; x_wconf 86' lang='lat' dir='ltr'><strong>Argyrippe,</strong></span> <span class='ocrx_word' id='word_1_8' title='bbox 1195 145 1270 181; x_wconf 80' lang='lat'><strong>148</strong></span> 
     </span>
     <span class='ocr_line' id='line_1_3' title="bbox 171 197 822 247; baseline 0 -13"><span class='ocrx_word' id='word_1_9' title='bbox 171 197 324 236; x_wconf 86' lang='lat' dir='ltr'><strong>Patrem</strong></span> <span class='ocrx_word' id='word_1_10' title='bbox 342 197 439 236; x_wconf 90' lang='lat' dir='ltr'><strong>hanc</strong></span> <span class='ocrx_word' id='word_1_11' title='bbox 457 197 668 247; x_wconf 86' lang='lat' dir='ltr'><strong>amplexari</strong></span> <span class='ocrx_word' id='word_1_12' title='bbox 685 198 822 235; x_wconf 81' lang='lat' dir='ltr'><strong>tuum?</strong></span> 
     </span>
     <span class='ocr_line' id='line_1_4' title="bbox 505 249 1275 301; baseline -0.003 -13"><span class='ocrx_word' id='word_1_13' title='bbox 505 252 661 300; x_wconf 76' lang='lat' dir='ltr'><strong>Argyr.</strong></span> <span class='ocrx_word' id='word_1_14' title='bbox 691 250 789 288; x_wconf 90' lang='lat' dir='ltr'><strong>Haec</strong></span> <span class='ocrx_word' id='word_1_15' title='bbox 807 251 917 289; x_wconf 88' lang='lat' dir='ltr'><strong>facile</strong></span> <span class='ocrx_word' id='word_1_16' title='bbox 934 250 1058 293; x_wconf 86' lang='lat' dir='ltr'><strong>faciet,</strong></span> <span class='ocrx_word' id='word_1_17' title='bbox 1075 257 1120 288; x_wconf 86' lang='lat' dir='ltr'><strong>ut</strong></span> <span class='ocrx_word' id='word_1_18' title='bbox 1139 249 1275 301; x_wconf 85' lang='lat' dir='ltr'><strong>patiar.</strong></span> 
     </span>
     <span class='ocr_line' id='line_1_5' title="bbox 175 303 1275 355; baseline -0.001 -14"><span class='ocrx_word' id='word_1_19' title='bbox 175 303 360 351; x_wconf 86' lang='lat' dir='ltr'>Leonida,</span> <span class='ocrx_word' id='word_1_20' title='bbox 384 316 503 352; x_wconf 81' lang='lat' dir='ltr'><strong>curre,</strong></span> <span class='ocrx_word' id='word_1_21' title='bbox 533 305 708 343; x_wconf 87' lang='lat' dir='ltr'><strong>obsecro·</strong></span> <span class='ocrx_word' id='word_1_22' title='bbox 741 312 888 355; x_wconf 87' lang='lat' dir='ltr'><strong>patrem</strong></span> <span class='ocrx_word' id='word_1_23' title='bbox 913 304 988 342; x_wconf 91' lang='lat' dir='ltr'><strong>huc</strong></span> <span class='ocrx_word' id='word_1_24' title='bbox 1010 311 1113 341; x_wconf 87' lang='lat' dir='ltr'><strong>orato</strong></span> <span class='ocrx_word' id='word_1_25' title='bbox 1138 311 1182 341; x_wconf 92' lang='lat' dir='ltr'><strong>ut</strong></span> <span class='ocrx_word' id='word_1_26' title='bbox 1210 315 1275 340; x_wconf 91' lang='lat' dir='ltr'><strong>ve-</strong></span> 
     </span>
    </p>
   </div>
   <div class='ocr_carea' id='block_1_3' title="bbox 178 356 1274 448">
    <p class='ocr_par' dir='ltr' id='par_1_3' title="bbox 178 356 1274 448">
     <span class='ocr_line' id='line_1_6' title="bbox 330 356 1274 395; baseline -0.002 -1"><span class='ocrx_word' id='word_1_27' title='bbox 330 358 421 395; x_wconf 88' lang='lat' dir='ltr'><strong>niat.</strong></span> <span class='ocrx_word' id='word_1_28' title='bbox 1196 356 1274 393; x_wconf 89' lang='lat'>150</span> 
     </span>
     <span class='ocr_line' id='line_1_7' title="bbox 178 408 773 448; baseline 0 0"><span class='ocrx_word' id='word_1_29' title='bbox 178 410 321 448; x_wconf 74' lang='lat' dir='ltr'><strong>Liban.</strong></span> <span class='ocrx_word' id='word_1_30' title='bbox 338 411 366 448; x_wconf 82' lang='lat' dir='ltr'><strong>J</strong></span> <span class='ocrx_word' id='word_1_31' title='bbox 369 408 606 447; x_wconf 89' lang='lat' dir='ltr'><strong>amdudum</strong></span> <span class='ocrx_word' id='word_1_32' title='bbox 609 419 643 447; x_wconf 93' lang='lat' dir='ltr'><strong>st</strong></span> <span class='ocrx_word' id='word_1_33' title='bbox 659 409 773 448; x_wconf 90' lang='lat' dir='ltr'><strong>intus.</strong></span> 
     </span>
    </p>
   </div>
   <div class='ocr_carea' id='block_1_4' title="bbox 169 463 1279 872">
    <p class='ocr_par' dir='ltr' id='par_1_4' title="bbox 169 463 1279 872">
     <span class='ocr_line' id='line_1_8' title="bbox 396 463 1062 514; baseline -0.003 -13"><span class='ocrx_word' id='word_1_34' title='bbox 396 464 433 501; x_wconf 88' lang='lat' dir='ltr'><strong>A</strong></span> <span class='ocrx_word' id='word_1_35' title='bbox 440 476 550 513; x_wconf 79' lang='lat' dir='ltr'><strong>rgyr.</strong></span> <span class='ocrx_word' id='word_1_36' title='bbox 573 463 659 501; x_wconf 89' lang='lat' dir='ltr'><strong>Hac</strong></span> <span class='ocrx_word' id='word_1_37' title='bbox 679 464 833 514; x_wconf 90' lang='lat' dir='ltr'><strong>quidem</strong></span> <span class='ocrx_word' id='word_1_38' title='bbox 852 475 928 500; x_wconf 90' lang='lat' dir='ltr'><strong>non</strong></span> <span class='ocrx_word' id='word_1_39' title='bbox 948 463 1062 501; x_wconf 81' lang='lat' dir='ltr'><strong>venit.</strong></span> 
     </span>
     <span class='ocr_line' id='line_1_9' title="bbox 897 514 1276 565; baseline -0.005 -11"><span class='ocrx_word' id='word_1_40' title='bbox 897 516 1040 555; x_wconf 68' lang='lat' dir='ltr'><strong>Liban..</strong></span> <span class='ocrx_word' id='word_1_41' title='bbox 1058 514 1276 565; x_wconf 86' lang='lat' dir='ltr'>Angiporto</span> 
     </span>
     <span class='ocr_line' id='line_1_10' title="bbox 174 567 1196 620; baseline -0.002 -14"><span class='ocrx_word' id='word_1_42' title='bbox 174 568 268 607; x_wconf 88' lang='lat' dir='ltr'><strong>Illac</strong></span> <span class='ocrx_word' id='word_1_43' title='bbox 290 582 356 620; x_wconf 89' lang='lat' dir='ltr'><strong>per</strong></span> <span class='ocrx_word' id='word_1_44' title='bbox 374 568 527 607; x_wconf 84' lang='lat' dir='ltr'><strong>hortum</strong></span> <span class='ocrx_word' id='word_1_45' title='bbox 546 569 679 608; x_wconf 80' lang='lat' dir='ltr'><strong>circuit</strong></span> <span class='ocrx_word' id='word_1_46' title='bbox 696 569 809 614; x_wconf 89' lang='lat' dir='ltr'><strong>clam,</strong></span> <span class='ocrx_word' id='word_1_47' title='bbox 829 581 878 607; x_wconf 91' lang='lat' dir='ltr'><strong>ne</strong></span> <span class='ocrx_word' id='word_1_48' title='bbox 896 569 980 620; x_wconf 92' lang='lat' dir='ltr'><strong>quis</strong></span> <span class='ocrx_word' id='word_1_49' title='bbox 999 581 1037 606; x_wconf 89' lang='lat' dir='ltr'><strong>se</strong></span> <span class='ocrx_word' id='word_1_50' title='bbox 1054 567 1196 607; x_wconf 83' lang='lat' dir='ltr'><strong>videret</strong></span> 
     </span>
     <span class='ocr_line' id='line_1_11' title="bbox 169 621 1219 667; baseline -0.003 -7"><span class='ocrx_word' id='word_1_51' title='bbox 169 623 262 660; x_wconf 91' lang='lat' dir='ltr'><strong>Huc</strong></span> <span class='ocrx_word' id='word_1_52' title='bbox 278 623 333 660; x_wconf 88' lang='lat' dir='ltr'><strong>ire</strong></span> <span class='ocrx_word' id='word_1_53' title='bbox 352 622 612 660; x_wconf 85' lang='lat' dir='ltr'>familiarium.</span> <span class='ocrx_word' id='word_1_54' title='bbox 670 622 732 660; x_wconf 94' lang='lat' dir='ltr'><strong>Ne</strong></span> <span class='ocrx_word' id='word_1_55' title='bbox 750 635 847 660; x_wconf 81' lang='lat' dir='ltr'><strong>uxor</strong></span> <span class='ocrx_word' id='word_1_56' title='bbox 864 622 1049 667; x_wconf 78' lang='lat' dir='ltr'><strong>resciscat,</strong></span> <span class='ocrx_word' id='word_1_57' title='bbox 1069 621 1219 659; x_wconf 82' lang='lat' dir='ltr'><strong>metuit.</strong></span> 
     </span>
     <span class='ocr_line' id='line_1_12' title="bbox 175 675 1221 725; baseline -0.002 -13"><span class='ocrx_word' id='word_1_58' title='bbox 175 675 236 712; x_wconf 91' lang='lat' dir='ltr'><strong>De</strong></span> <span class='ocrx_word' id='word_1_59' title='bbox 255 682 427 725; x_wconf 83' lang='lat' dir='ltr'><strong>argento,</strong></span> <span class='ocrx_word' id='word_1_60' title='bbox 449 675 479 713; x_wconf 90' lang='lat' dir='ltr'><strong>si</strong></span> <span class='ocrx_word' id='word_1_61' title='bbox 497 683 619 714; x_wconf 84' lang='lat' dir='ltr'><strong>mater</strong></span> <span class='ocrx_word' id='word_1_62' title='bbox 637 682 704 713; x_wconf 90' lang='lat' dir='ltr'><strong>tua</strong></span> <span class='ocrx_word' id='word_1_63' title='bbox 722 675 814 713; x_wconf 84' lang='lat' dir='ltr'><strong>sciat</strong></span> <span class='ocrx_word' id='word_1_64' title='bbox 831 682 875 713; x_wconf 88' lang='lat' dir='ltr'><strong>ut</strong></span> <span class='ocrx_word' id='word_1_65' title='bbox 894 675 942 713; x_wconf 88' lang='lat' dir='ltr'><strong>sit</strong></span> <span class='ocrx_word' id='word_1_66' title='bbox 959 675 1103 712; x_wconf 85' lang='lat' dir='ltr'><strong>factum</strong></span> <span class='ocrx_word' id='word_1_67' title='bbox 1132 701 1143 711; x_wconf 90' lang='lat'><em>.</em></span> <span class='ocrx_word' id='word_1_68' title='bbox 1173 701 1182 709; x_wconf 95' lang='lat'><strong><em>.</em></strong></span> <span class='ocrx_word' id='word_1_69' title='bbox 1211 701 1221 710; x_wconf 88' lang='lat'><strong><em>.</em></strong></span> 
     </span>
     <span class='ocr_line' id='line_1_13' title="bbox 972 725 1274 777; baseline -0.007 -12"><span class='ocrx_word' id='word_1_70' title='bbox 972 729 1010 765; x_wconf 86' lang='lat' dir='ltr'><strong>A</strong></span> <span class='ocrx_word' id='word_1_71' title='bbox 1016 740 1127 777; x_wconf 65' lang='lat' dir='ltr'><strong>rggst</strong></span> <span class='ocrx_word' id='word_1_72' title='bbox 1147 725 1274 764; x_wconf 87' lang='lat' dir='ltr'><strong>Heia.</strong></span> <span class='ocrx_word' id='word_1_73' title='bbox 1265 726 1273 750; x_wconf 88' lang='lat'>&#39;</span> 
     </span>
     <span class='ocr_line' id='line_1_14' title="bbox 172 780 945 820; baseline -0.001 -1"><span class='ocrx_word' id='word_1_74' title='bbox 172 780 403 820; x_wconf 83' lang='lat' dir='ltr'><strong>Benedicite.</strong></span> <span class='ocrx_word' id='word_1_75' title='bbox 460 781 520 820; x_wconf 87' lang='lat' dir='ltr'><strong>Ite</strong></span> <span class='ocrx_word' id='word_1_76' title='bbox 539 782 638 820; x_wconf 87' lang='lat' dir='ltr'><strong>intro</strong></span> <span class='ocrx_word' id='word_1_77' title='bbox 658 781 742 820; x_wconf 89' lang='lat' dir='ltr'><strong>cito.</strong></span> <span class='ocrx_word' id='word_1_78' title='bbox 797 781 945 819; x_wconf 80' lang='lat' dir='ltr'><strong>Valete.</strong></span> 
     </span>
     <span class='ocr_line' id='line_1_15' title="bbox 743 832 1279 872; baseline -0.007 -1"><span class='ocrx_word' id='word_1_79' title='bbox 743 834 861 871; x_wconf 84' lang='lat' dir='ltr'><strong>Leon.</strong></span> <span class='ocrx_word' id='word_1_80' title='bbox 880 834 934 871; x_wconf 89' lang='lat' dir='ltr'><strong>Et</strong></span> <span class='ocrx_word' id='word_1_81' title='bbox 952 845 1018 872; x_wconf 88' lang='lat' dir='ltr'><strong>vos</strong></span> <span class='ocrx_word' id='word_1_82' title='bbox 1036 840 1172 871; x_wconf 87' lang='lat' dir='ltr'><strong>amate.</strong></span> <span class='ocrx_word' id='word_1_83' title='bbox 1206 832 1279 868; x_wconf 86' lang='lat'><strong>155</strong></span> 
     </span>
    </p>
   </div>
   <div class='ocr_carea' id='block_1_5' title="bbox 445 991 1028 1137">
    <p class='ocr_par' dir='ltr' id='par_1_5' title="bbox 445 991 1028 1137">
     <span class='ocr_line' id='line_1_16' title="bbox 445 991 1028 1032; baseline -0.003 0"><span class='ocrx_word' id='word_1_84' title='bbox 445 993 630 1032; x_wconf 86' lang='lat' dir='ltr'><strong>ACTUS</strong></span> <span class='ocrx_word' id='word_1_85' title='bbox 653 993 728 1030; x_wconf 92' lang='lat' dir='ltr'><strong>IV.</strong></span> <span class='ocrx_word' id='word_1_86' title='bbox 786 991 970 1031; x_wconf 86' lang='lat' dir='ltr'><strong>SCENA</strong></span> <span class='ocrx_word' id='word_1_87' title='bbox 990 991 1028 1030; x_wconf 91' lang='grc' dir='ltr'><strong>Ι.</strong></span> 
     </span>
     <span class='ocr_line' id='line_1_17' title="bbox 466 1098 1018 1137; baseline -0.002 0"><span class='ocrx_word' id='word_1_88' title='bbox 466 1099 717 1137; x_wconf 74' lang='lat' dir='ltr'><strong>DIABOLL&#39;S.</strong></span> <span class='ocrx_word' id='word_1_89' title='bbox 743 1098 1018 1136; x_wconf 72' lang='lat' dir='ltr'><strong>PARAsrrus.</strong></span> 
     </span>
    </p>
   </div>
   <div class='ocr_carea' id='block_1_6' title="bbox 177 1203 1283 1560">
    <p class='ocr_par' dir='ltr' id='par_1_6' title="bbox 177 1203 1283 1560">
     <span class='ocr_line' id='line_1_18' title="bbox 177 1203 1283 1257; baseline -0.002 -13"><span class='ocrx_word' id='word_1_90' title='bbox 177 1206 329 1244; x_wconf 77' lang='lat' dir='ltr'><strong>Diabol.</strong></span> <span class='ocrx_word' id='word_1_91' title='bbox 358 1205 555 1256; x_wconf 78' lang='lat' dir='ltr'><strong>Agedum,</strong></span> <span class='ocrx_word' id='word_1_92' title='bbox 584 1205 701 1243; x_wconf 88' lang='lat' dir='ltr'><strong>istum</strong></span> <span class='ocrx_word' id='word_1_93' title='bbox 725 1203 891 1251; x_wconf 84' lang='lat' dir='ltr'><strong>ostende,</strong></span> <span class='ocrx_word' id='word_1_94' title='bbox 919 1215 1037 1255; x_wconf 87' lang='lat' dir='ltr'><strong>quem</strong></span> <span class='ocrx_word' id='word_1_95' title='bbox 1065 1204 1283 1257; x_wconf 86' lang='lat' dir='ltr'><strong>conscripsti</strong></span> 
     </span>
     <span class='ocr_line' id='line_1_19' title="bbox 338 1258 614 1309; baseline -0.004 -13"><span class='ocrx_word' id='word_1_96' title='bbox 338 1258 614 1309; x_wconf 84' lang='lat' dir='ltr'><strong>syngraphum,</strong></span> 
     </span>
     <span class='ocr_line' id='line_1_20' title="bbox 180 1310 1149 1361; baseline 0 -12"><span class='ocrx_word' id='word_1_97' title='bbox 180 1313 285 1350; x_wconf 85' lang='lat' dir='ltr'><strong>Inter</strong></span> <span class='ocrx_word' id='word_1_98' title='bbox 304 1325 365 1349; x_wconf 87' lang='lat' dir='ltr'><strong>me</strong></span> <span class='ocrx_word' id='word_1_99' title='bbox 383 1320 420 1349; x_wconf 91' lang='lat' dir='ltr'><strong>et</strong></span> <span class='ocrx_word' id='word_1_100' title='bbox 438 1312 599 1349; x_wconf 85' lang='lat' dir='ltr'>amicam</span> <span class='ocrx_word' id='word_1_101' title='bbox 618 1320 654 1350; x_wconf 88' lang='lat' dir='ltr'><strong>et</strong></span> <span class='ocrx_word' id='word_1_102' title='bbox 673 1312 824 1350; x_wconf 88' lang='lat' dir='ltr'><strong>lenam:</strong></span> <span class='ocrx_word' id='word_1_103' title='bbox 853 1310 956 1359; x_wconf 88' lang='lat' dir='ltr'><strong>leges</strong></span> <span class='ocrx_word' id='word_1_104' title='bbox 975 1311 1149 1361; x_wconf 83' lang='lat' dir='ltr'><strong>perlege:</strong></span> 
     </span>
     <span class='ocr_line' id='line_1_21' title="bbox 181 1363 1141 1415; baseline -0.003 -12"><span class='ocrx_word' id='word_1_105' title='bbox 181 1367 286 1403; x_wconf 88' lang='lat' dir='ltr'><strong>Nam</strong></span> <span class='ocrx_word' id='word_1_106' title='bbox 306 1373 347 1403; x_wconf 87' lang='lat' dir='ltr'><strong>tu</strong></span> <span class='ocrx_word' id='word_1_107' title='bbox 367 1366 480 1415; x_wconf 70' lang='lat' dir='ltr'><strong>poeta</strong></span> <span class='ocrx_word' id='word_1_108' title='bbox 496 1378 534 1402; x_wconf 86' lang='lat' dir='ltr'><strong>es</strong></span> <span class='ocrx_word' id='word_1_109' title='bbox 552 1377 704 1415; x_wconf 87' lang='lat' dir='ltr'><strong>prorsus</strong></span> <span class='ocrx_word' id='word_1_110' title='bbox 722 1363 771 1402; x_wconf 89' lang='lat' dir='ltr'><strong>ad</strong></span> <span class='ocrx_word' id='word_1_111' title='bbox 790 1375 874 1401; x_wconf 88' lang='lat' dir='ltr'><strong>eam</strong></span> <span class='ocrx_word' id='word_1_112' title='bbox 893 1375 974 1400; x_wconf 90' lang='lat' dir='ltr'><strong>rem</strong></span> <span class='ocrx_word' id='word_1_113' title='bbox 992 1364 1141 1402; x_wconf 90' lang='lat' dir='ltr'><strong>unicus.</strong></span> 
     </span>
     <span class='ocr_line' id='line_1_22' title="bbox 184 1416 1188 1466; baseline -0.002 -10"><span class='ocrx_word' id='word_1_114' title='bbox 184 1421 328 1456; x_wconf 74' lang='lat' dir='ltr'><strong>Parus.</strong></span> <span class='ocrx_word' id='word_1_115' title='bbox 347 1418 549 1456; x_wconf 88' lang='lat' dir='ltr'><strong>Horrescet</strong></span> <span class='ocrx_word' id='word_1_116' title='bbox 566 1418 655 1456; x_wconf 84' lang='lat' dir='ltr'><strong>faxo</strong></span> <span class='ocrx_word' id='word_1_117' title='bbox 673 1417 773 1462; x_wconf 86' lang='lat' dir='ltr'><strong>lena,</strong></span> <span class='ocrx_word' id='word_1_118' title='bbox 793 1416 895 1466; x_wconf 87' lang='lat' dir='ltr'><strong>leges</strong></span> <span class='ocrx_word' id='word_1_119' title='bbox 914 1428 1032 1466; x_wconf 91' lang='lat' dir='ltr'><strong>quom</strong></span> <span class='ocrx_word' id='word_1_120' title='bbox 1050 1416 1188 1454; x_wconf 86' lang='lat' dir='ltr'><strong>audiet.</strong></span> 
     </span>
     <span class='ocr_line' id='line_1_23' title="bbox 182 1468 1099 1521; baseline 0 -14"><span class='ocrx_word' id='word_1_121' title='bbox 182 1472 338 1509; x_wconf 78' lang='lat' dir='ltr'><strong>Diabol.</strong></span> <span class='ocrx_word' id='word_1_122' title='bbox 359 1471 458 1521; x_wconf 85' lang='lat' dir='ltr'><strong>Age,</strong></span> <span class='ocrx_word' id='word_1_123' title='bbox 480 1483 620 1521; x_wconf 84' lang='lat' dir='ltr'><strong>quaeso,</strong></span> <span class='ocrx_word' id='word_1_124' title='bbox 639 1471 695 1508; x_wconf 76' lang='lat' dir='ltr'><strong>mi</strong></span> <span class='ocrx_word' id='word_1_125' title='bbox 719 1468 884 1520; x_wconf 89' lang='lat' dir='ltr'><strong>(hercle)</strong></span> <span class='ocrx_word' id='word_1_126' title='bbox 902 1468 1099 1520; x_wconf 65' lang='lat' dir='ltr'><strong>translegej</strong></span> 
     </span>
     <span class='ocr_line' id='line_1_24' title="bbox 830 1521 1179 1560; baseline 0 -3"><span class='ocrx_word' id='word_1_127' title='bbox 830 1522 972 1559; x_wconf 75' lang='lat' dir='ltr'><strong>Parus.</strong></span> <span class='ocrx_word' id='word_1_128' title='bbox 991 1522 1150 1560; x_wconf 83' lang='lat' dir='ltr'><strong>Audi&#39;n’</strong></span> <span class='ocrx_word' id='word_1_129' title='bbox 1161 1521 1179 1557; x_wconf 70' lang='grc' dir='ltr'><strong>ἱ)</strong></span> 
     </span>
    </p>
   </div>
   <div class='ocr_carea' id='block_1_7' title="bbox 183 1574 1287 1827">
    <p class='ocr_par' dir='ltr' id='par_1_7' title="bbox 183 1574 1287 1827">
     <span class='ocr_line' id='line_1_25' title="bbox 928 1574 1287 1614; baseline 0.003 -2"><span class='ocrx_word' id='word_1_130' title='bbox 928 1576 1080 1613; x_wconf 82' lang='lat' dir='ltr'><strong>Diabol.</strong></span> <span class='ocrx_word' id='word_1_131' title='bbox 1097 1574 1242 1614; x_wconf 86' lang='lat' dir='ltr'><strong>Audio.</strong></span> <span class='ocrx_word' id='word_1_132' title='bbox 1261 1577 1287 1613; x_wconf 87' lang='lat'>5</span> 
     </span>
     <span class='ocr_line' id='line_1_26' title="bbox 186 1628 1058 1678; baseline 0 -11"><span class='ocrx_word' id='word_1_133' title='bbox 186 1632 328 1668; x_wconf 56' lang='lat' dir='ltr'><strong>Par-as.</strong></span> <span class='ocrx_word' id='word_1_134' title='bbox 350 1629 551 1678; x_wconf 89' lang='lat' dir='ltr'><strong>Diabolus,</strong></span> <span class='ocrx_word' id='word_1_135' title='bbox 574 1628 712 1667; x_wconf 86' lang='lat' dir='ltr'>Glauci</span> <span class='ocrx_word' id='word_1_136' title='bbox 729 1628 845 1675; x_wconf 89' lang='lat' dir='ltr'><strong>filius,</strong></span> <span class='ocrx_word' id='word_1_137' title='bbox 864 1629 1058 1667; x_wconf 84' lang='lat' dir='ltr'><strong>Cleaeretae</strong></span> 
     </span>
     <span class='ocr_line' id='line_1_27' title="bbox 183 1682 1005 1733; baseline -0.001 -12"><span class='ocrx_word' id='word_1_138' title='bbox 183 1684 301 1721; x_wconf 85' lang='lat' dir='ltr'><strong>Lenae</strong></span> <span class='ocrx_word' id='word_1_139' title='bbox 319 1682 421 1720; x_wconf 86' lang='lat' dir='ltr'><strong>dedit</strong></span> <span class='ocrx_word' id='word_1_140' title='bbox 439 1682 537 1721; x_wconf 90' lang='lat' dir='ltr'><strong>dono</strong></span> <span class='ocrx_word' id='word_1_141' title='bbox 555 1682 698 1733; x_wconf 84' lang='lat' dir='ltr'><strong>argenti</strong></span> <span class='ocrx_word' id='word_1_142' title='bbox 716 1682 851 1732; x_wconf 86' lang='lat' dir='ltr'><strong>viginti</strong></span> <span class='ocrx_word' id='word_1_143' title='bbox 868 1682 1005 1729; x_wconf 87' lang='lat' dir='ltr'><strong>minas,</strong></span> 
     </span>
     <span class='ocr_line' id='line_1_28' title="bbox 186 1735 1021 1774; baseline -0.001 0"><span class='ocrx_word' id='word_1_144' title='bbox 186 1736 407 1774; x_wconf 87' lang='lat' dir='ltr'><strong>Philenium</strong></span> <span class='ocrx_word' id='word_1_145' title='bbox 425 1742 468 1773; x_wconf 90' lang='lat' dir='ltr'><strong>ut</strong></span> <span class='ocrx_word' id='word_1_146' title='bbox 486 1748 611 1773; x_wconf 90' lang='lat' dir='ltr'><strong>secum</strong></span> <span class='ocrx_word' id='word_1_147' title='bbox 631 1742 724 1774; x_wconf 88' lang='lat' dir='ltr'><strong>esset</strong></span> <span class='ocrx_word' id='word_1_148' title='bbox 741 1742 868 1774; x_wconf 88' lang='lat' dir='ltr'><strong>noctes</strong></span> <span class='ocrx_word' id='word_1_149' title='bbox 886 1742 924 1773; x_wconf 87' lang='lat' dir='ltr'><strong>et</strong></span> <span class='ocrx_word' id='word_1_150' title='bbox 940 1735 1021 1773; x_wconf 86' lang='lat' dir='ltr'><strong>dies</strong></span> 
     </span>
     <span class='ocr_line' id='line_1_29' title="bbox 187 1790 623 1827; baseline -0.002 0"><span class='ocrx_word' id='word_1_151' title='bbox 187 1790 306 1827; x_wconf 88' lang='lat' dir='ltr'><strong>Hunc</strong></span> <span class='ocrx_word' id='word_1_152' title='bbox 324 1801 467 1826; x_wconf 87' lang='lat' dir='ltr'><strong>annum</strong></span> <span class='ocrx_word' id='word_1_153' title='bbox 486 1795 623 1826; x_wconf 86' lang='lat' dir='ltr'><strong>totum.</strong></span> 
     </span>
    </p>
   </div>
   <div class='ocr_carea' id='block_1_8' title="bbox 187 1839 1287 2159">
    <p class='ocr_par' dir='ltr' id='par_1_8' title="bbox 187 1839 1287 2159">
     <span class='ocr_line' id='line_1_30' title="bbox 387 1839 1287 1893; baseline 0 -15"><span class='ocrx_word' id='word_1_154' title='bbox 387 1843 541 1879; x_wconf 73' lang='lat' dir='ltr'><strong>Diabol.</strong></span> <span class='ocrx_word' id='word_1_155' title='bbox 562 1843 699 1893; x_wconf 92' lang='lat' dir='ltr'><strong>Neque</strong></span> <span class='ocrx_word' id='word_1_156' title='bbox 716 1854 802 1880; x_wconf 87' lang='lat' dir='ltr'><strong>cum</strong></span> <span class='ocrx_word' id='word_1_157' title='bbox 823 1841 1010 1893; x_wconf 75' lang='lat' dir='ltr'><strong>quiquam</strong></span> <span class='ocrx_word' id='word_1_158' title='bbox 1028 1840 1103 1880; x_wconf 87' lang='lat' dir='ltr'><strong>alio</strong></span> <span class='ocrx_word' id='word_1_159' title='bbox 1121 1839 1287 1891; x_wconf 85' lang='lat' dir='ltr'><strong>quidem.</strong></span> 
     </span>
     <span class='ocr_line' id='line_1_31' title="bbox 189 1894 545 1932; baseline -0.003 0"><span class='ocrx_word' id='word_1_160' title='bbox 189 1896 331 1932; x_wconf 74' lang='lat' dir='ltr'><strong>Parus.</strong></span> <span class='ocrx_word' id='word_1_161' title='bbox 353 1894 545 1932; x_wconf 79' lang='lat' dir='ltr'><strong>Addone?</strong></span> 
     </span>
     <span class='ocr_line' id='line_1_32' title="bbox 425 1947 1287 1999; baseline -0.003 -13"><span class='ocrx_word' id='word_1_162' title='bbox 425 1949 579 1986; x_wconf 66' lang='lat' dir='ltr'><strong>Diabol.</strong></span> <span class='ocrx_word' id='word_1_163' title='bbox 609 1948 743 1987; x_wconf 85' lang='lat' dir='ltr'><strong>Adde:</strong></span> <span class='ocrx_word' id='word_1_164' title='bbox 774 1955 811 1986; x_wconf 88' lang='lat' dir='ltr'><strong>et</strong></span> <span class='ocrx_word' id='word_1_165' title='bbox 829 1948 981 1995; x_wconf 84' lang='lat' dir='ltr'><strong>scribas,</strong></span> <span class='ocrx_word' id='word_1_166' title='bbox 1000 1948 1099 1997; x_wconf 89' lang='lat' dir='ltr'><strong>vide,</strong></span> <span class='ocrx_word' id='word_1_167' title='bbox 1118 1947 1232 1999; x_wconf 89' lang='lat' dir='ltr'><strong>plane</strong></span> <span class='ocrx_word' id='word_1_168' title='bbox 1250 1954 1287 1984; x_wconf 89' lang='lat' dir='ltr'><strong>et</strong></span> 
     </span>
     <span class='ocr_line' id='line_1_33' title="bbox 187 1999 1287 2094; baseline 0 -3"><span class='ocrx_word' id='word_1_169' title='bbox 187 2056 329 2092; x_wconf 69' lang='lat' dir='ltr'><strong>Purus.</strong></span> <span class='ocrx_word' id='word_1_170' title='bbox 352 2003 740 2092; x_wconf 49' lang='lat' dir='ltr'><strong>Alienffiffll&#39;ssnflnem</strong></span> <span class='ocrx_word' id='word_1_171' title='bbox 760 2054 986 2093; x_wconf 85' lang='lat' dir='ltr'><strong>intromittat</strong></span> <span class='ocrx_word' id='word_1_172' title='bbox 1002 2054 1207 2094; x_wconf 85' lang='lat' dir='ltr'><strong>neminem.</strong></span> <span class='ocrx_word' id='word_1_173' title='bbox 1238 1999 1287 2038; x_wconf 73' lang='lat'><strong>1⁰</strong></span> 
     </span>
     <span class='ocr_line' id='line_1_34' title="bbox 188 2107 1118 2159; baseline 0.002 -15"><span class='ocrx_word' id='word_1_174' title='bbox 188 2107 304 2154; x_wconf 87' lang='lat' dir='ltr'><strong>Quod</strong></span> <span class='ocrx_word' id='word_1_175' title='bbox 322 2107 387 2145; x_wconf 87' lang='lat' dir='ltr'><strong>illa</strong></span> <span class='ocrx_word' id='word_1_176' title='bbox 407 2115 472 2145; x_wconf 87' lang='lat' dir='ltr'><strong>aut</strong></span> <span class='ocrx_word' id='word_1_177' title='bbox 491 2107 655 2146; x_wconf 88' lang='lat' dir='ltr'><strong>amicum</strong></span> <span class='ocrx_word' id='word_1_178' title='bbox 675 2114 740 2146; x_wconf 84' lang='lat' dir='ltr'><strong>aut</strong></span> <span class='ocrx_word' id='word_1_179' title='bbox 758 2115 962 2159; x_wconf 88' lang='lat' dir='ltr'><strong>patronum</strong></span> <span class='ocrx_word' id='word_1_180' title='bbox 991 2137 1002 2147; x_wconf 87' lang='lat'><strong>.</strong></span> <span class='ocrx_word' id='word_1_181' title='bbox 1027 2135 1041 2146; x_wconf 78' lang='grc'><strong>.</strong></span> <span class='ocrx_word' id='word_1_182' title='bbox 1068 2135 1080 2146; x_wconf 84' lang='grc'><em>.</em></span> <span class='ocrx_word' id='word_1_183' title='bbox 1109 2135 1118 2146; x_wconf 92' lang='grc'><strong>.</strong></span> 
     </span>
    </p>
   </div>
  </div>
 </body>
</html>
