1412 2427
407 68 748 107 BACCHIDES.
777 69 828 107 V.
857 71 895 106 ⁶2.
1129 69 1206 112 217

95 178 147 215 N
148 179 193 213 ic.
212 176 271 214 At
289 174 384 213 mihi
405 174 626 225 Chrysalus,
646 182 828 225 optumus
846 175 975 221 homo,
1155 177 1207 212 ‘25

93 229 264 268 Perdidit
282 228 420 276 filium,
440 240 517 274 me,
537 236 651 279 atque
671 240 749 266 rem
769 240 922 266 omnem

92 283 240 321 Meam.

174 337 284 375 Phil.
303 334 412 384 Quid
430 335 499 373 tibi
517 348 565 373 ex
583 334 662 373 filio
681 347 771 373 nam
792 333 981 386 (obsecro)
1003 348 1101 386 aegte
1120 345 1175 374 est
1189 339 1207 374 :³

652 390 748 426 Nic.
770 389 871 428 Sciae
885 387 950 426 id:
981 388 1093 438 periit

93 441 196 481 Cum
217 450 306 481 tuo:
336 450 451 493 atque
470 443 583 479 ambo
601 455 709 495 aeque
726 443 866 481 amicas
883 442 1037 480 habent.

309 497 417 534 Phil.
436 495 519 543 Qui
538 495 610 533 scis
623 498 641 534 ,⁹

524 549 576 586 N
577 551 622 586 ic.
646 548 752 587 Vidi.

647 604 758 641 Phil.
779 602 859 640 Hei
876 602 997 640 mihi!
1029 601 1207 655 disperii!

97 659 150 696 N
150 659 197 695 ic.
229 656 338 705 Quid
366 657 588 696 dubitamus
619 656 780 707 pultare,
812 663 927 707 atque
958 656 1034 695 huc
1058 669 1211 696 evocare

257 713 389 750 ambos
406 711 505 749 foras
518 713 536 749 Ρ

51 811 54 814 ⁴
101 765 210 803 Phil.
232 764 352 803 Haud
370 777 508 803 moror.

379 819 478 857 Nic.
501 817 622 864 Heus,
642 817 829 855 Bacchis!
856 819 950 868 jube
969 818 1020 856 sis
1039 826 1210 858 actutum

472 871 609 922 aperiri
626 870 750 919 foreis,
1159 874 1212 911 30

101 925 190 965 Nisi
207 925 383 964 mavoltis
401 924 511 963 foreis
530 932 566 962 et
585 924 723 976 posteis
742 925 951 964 comminui
969 926 1173 965 securibus.

359 1086 547 1125 ACTUS
577 1085 628 1123 V.
685 1086 871 1125 SCENA
901 1085 960 1123 11.

181 1195 469 1233 BAccmmzs.
499 1193 783 1230 Nxconchss.
814 1193 1133 1232 Pmtoxssxcs.

102 1304 198 1339 Bac.
216 1303 254 1339 I.
285 1300 399 1347 Quis,
419 1300 543 1338 sonitu
563 1312 606 1338 ac
631 1300 800 1339 tumultu
827 1308 947 1347 tanto,
975 1302 1128 1340 nomine
1147 1314 1214 1341 no-

261 1355 386 1393 minat

102 1407 187 1456 Me,
207 1415 321 1460 atque
340 1409 466 1460 pultat
484 1408 595 1447 aedeis
610 1410 627 1445 ?

475 1464 527 1500 N
527 1464 572 1498 ic.
594 1462 680 1512 Ego
699 1470 812 1513 atque
830 1462 904 1500 hic.

770 1518 867 1554 Bac.
887 1518 924 1554 Ι.
944 1516 1054 1564 Quid
1071 1517 1142 1556 hoc
1161 1525 1217 1556 aet

103 1569 247 1620 Negoti
266 1568 386 1606 nam?
415 1570 575 1607 amabo:
607 1570 692 1621 quis
710 1570 779 1608 has
796 1570 872 1608 huc
890 1570 991 1608 oveis
1010 1571 1164 1622 adegit?

105 1623 203 1660 Nic.
225 1621 342 1662 Oveis
359 1634 428 1661 nos
447 1631 581 1661 vocant
599 1636 796 1675 paesumae.

654 1680 751 1715 Bac.
771 1679 836 1715 II.
857 1678 992 1716 Pastor
1009 1678 1146 1717 harum

105 1728 273 1776 Dormit,
294 1741 412 1780 quom
430 1729 490 1768 hae
509 1738 600 1768 eunt
618 1730 670 1769 sic
687 1744 711 1769 a
727 1744 824 1782 pecu
843 1731 1057 1782 palimntes.
1195 1736 1220 1771 5

106 1784 204 1820 Bac.
224 1784 403 1875 Laggaeff
414 1782 498 1834 pol)
534 1784 681 1822 nitent:
722 1784 826 1822 haud
859 1785 1019 1823 sordidae
1047 1786 1223 1826 videntur

106 1891 205 1927 Bac.
219 1891 274 1927 II
276 1917 286 1926 .
304 1889 480 1928 Attonsae
497 1890 558 1929 hae
574 1891 730 1942 quidem
749 1894 873 1931 ambae
891 1905 1013 1944 usque
1031 1902 1133 1931 sunt.

107 1995 290 2034 Del-idere
308 2008 374 2035 noc
391 1997 400 2021 ν
846 1947 956 1984 Phil.
975 1947 1031 1984 Ut
1051 1947 1228 1986 videntur

377 2052 476 2088 Nic.
498 2051 603 2098 Sine,
624 2064 692 2091 suo
711 2066 834 2106 usque
853 2053 1051 2092 arbitratu.

110 2105 206 2142 Bae.
227 2106 265 2141 I.
288 2103 435 2142 Reri'n'
451 2111 506 2142 ter
524 2104 562 2142 in
578 2117 678 2143 anno
697 2114 738 2145 tu
753 2107 823 2145 has
838 2106 1008 2144 tonsitari
1025 2108 1042 2144 Ρ

809 2162 908 2197 Bac·-
926 2161 991 2197 II.
1010 2160 1096 2207 Pol,
1116 2160 1228 2199 hodie

167 2221 273 2249 vor„
296 2221 326 2249 1.
991 2222 1016 2248 U
