1412 2427
397 61 1200 101 AMPHITRUO 1.1.15

86 169 220 204 Μενε.
242 167 477 206 Exossatum
496 181 538 206 os
556 181 635 206 esse
653 176 814 219 oportet,
835 182 950 220 quem
978 172 1096 220 probe
1119 184 1204 222 per-

247 221 418 259 cusseris.
1129 225 1202 261 162·

83 275 172 311 Sos.
194 273 366 335 Mirum,
395 275 435 313 ni
463 276 525 314 hic
551 289 627 324 me,
649 276 758 328 quasi
785 288 1013 324 muraenam,
1032 290 1204 315 exossare

247 329 397 379 cogitat.

85 380 199 419 Ultro
229 381 368 429 istunc,
403 384 471 434 qui
503 391 652 421 exossat
684 383 885 422 homines!
927 383 1048 432 Perii,
1079 384 1111 422 si
1142 396 1206 422 me

246 435 474 487 adspexerit.

86 489 217 526 Allerc·
244 488 336 527 Olet
353 490 470 529 homo
488 491 644 542 quidam
665 491 770 529 malo
788 504 870 530 suo.

392 546 475 582 803.
505 545 607 583 Hei!
640 558 827 582 numnam
847 558 916 596 ego
934 545 1096 583 obolui?
1130 545 1204 582 165

87 597 218 634 Mero.
256 597 391 648 Atque
425 598 530 636 haud
557 599 671 650 longe
702 600 832 637 abesse
858 606 1031 650 oportet:
1073 611 1205 637 verum

247 650 360 700 longe
378 651 467 690 hinc
486 651 621 691 abfuit.

86 705 168 742 Sos.
197 703 286 741 Illic
303 704 419 743 homo
438 706 717 756 superstitiosus
735 713 803 744 est.

596 762 728 798 Merc.
757 760 937 798 Gestiunt
954 759 1077 811 pugni
1095 758 1204 796 mihi.

85 813 169 849 803.
198 811 240 850 Si
270 811 310 849 in
339 826 403 852 me
431 813 678 862 exerciturus,
707 826 852 865 quaeso,
880 814 921 851 in
950 814 1134 864 parietem
1161 820 1205 850 ut

246 867 418 916 primum
436 867 578 905 domes.

87 920 218 977 llere.
249 919 340 959 Vox
357 920 454 959 mihi
472 921 521 958 ad
539 921 664 959 aureis
683 921 886 960 advolavit.

549 978 633 1014 803.
660 975 736 1013 Nae
754 988 823 1026 ego
842 975 958 1013 homo
976 974 1110 1013 infelix
1130 974 1202 1020 fui,

86 1027 168 1075 Qui
178 1039 256 1066 non
269 1026 350 1064 alas
361 1026 572 1067 intervelli.
594 1028 787 1067 volucrem
802 1041 931 1067 vocem
947 1029 1094 1080 gestito.
1129 1029 1205 1071 170

85 1083 219 1119 Mero.
252 1080 338 1118 Illic
355 1080 472 1120 homo
490 1096 513 1120 a
530 1095 594 1120 me
611 1082 684 1120 sibi
700 1082 846 1120 malam
864 1095 946 1120 rem
965 1081 1118 1121 arcessit
1134 1082 1201 1131 ju-

247 1142 378 1172 mento
395 1147 477 1172 suo.

87 1189 170 1226 803.
200 1188 292 1225 Non
312 1187 489 1238 equidem
508 1189 632 1226 ullum
651 1188 773 1226 habeo
787 1189 1024 1237 jumentum.

481 1243 613 1279 Merc.
635 1241 896 1282 Onerandu’st
913 1241 1054 1293 pugnis
1074 1243 1203 1292 probe.

87 1297 172 1333 803.
202 1295 346 1333 Lassus
365 1307 452 1332 sum
468 1293 629 1346 (hercle)
643 1308 662 1332 e
676 1295 778 1343 navi,
792 1302 836 1332 ut
850 1303 978 1333 vectus
996 1295 1073 1333 huc
1087 1307 1172 1333 sum
1190 1310 1201 1333 t

249 1356 363 1386 enam
382 1360 484 1387 nunc
501 1361 654 1387 nauseo.

85 1401 167 1440 Vix
184 1402 316 1440 incedo
330 1402 454 1439 inanis
468 1415 480 1447 ;
502 1415 549 1440 ne
563 1402 616 1440 ire
630 1413 739 1452 posse
753 1413 842 1439 cum
857 1414 968 1440 onere
983 1401 1203 1441 existumes.

86 1457 219 1494 Alere.
239 1456 351 1494 Certe
369 1456 473 1493 enim
491 1455 555 1493 hic
574 1455 805 1506 nescio-quis
823 1455 1006 1506 loquitur.

382 1510 468 1547 803.
496 1509 633 1548 Salvus
652 1521 763 1547 sum:
785 1521 861 1546 non
881 1522 944 1547 me
963 1508 1089 1547 videt:
1126 1509 1202 1553 175

84 1563 127 1601 N
129 1575 361 1614 eccm-quem
379 1563 486 1614 loqui
504 1570 704 1601 autumat:
739 1562 836 1600 mihi
855 1570 955 1601 certo
974 1575 1114 1600 nomen
1134 1563 1203 1602 So-

247 1617 301 1654 sia
320 1618 378 1655 'st.

85 1672 218 1709 Merc.
251 1670 356 1709 Hinc
374 1670 477 1708 enim
507 1670 603 1708 mihi
630 1669 786 1708 dextera
812 1682 888 1708 vox
916 1669 1038 1708 aureis
1059 1669 1122 1719 (ut
1145 1670 1202 1708 vi-

245 1723 373 1773 detur)
393 1725 573 1762 verberat.

88 1780 172 1817 803.
202 1777 355 1826 Metuo,
376 1778 476 1815 vocis
506 1790 554 1816 ne
573 1777 654 1815 vice
670 1777 783 1816 hodie
801 1777 867 1815 hic
899 1777 1093 1828 vapulem,
1114 1789 1203 1828 quae

248 1831 351 1869 hunc
368 1832 548 1869 verberat.

89 1887 219 1923 Alere.
250 1884 438 1935 Optume,
459 1897 604 1932 eccum,
624 1883 763 1922 incedit
781 1884 831 1922 ad
850 1896 925 1922 me.

634 1939 718 1976 803.
745 1938 908 1976 Timeo.
940 1945 1042 1976 totus
1062 1945 1207 1998 torpeo.

90 1992 181 2030 Non
203 1992 372 2044 (edepol)
391 2004 508 2040 nunc,
538 1992 606 2030 ubi
625 2000 810 2030 terrarum
840 1992 928 2039 sim,
948 1991 1038 2040 scio,
1066 1991 1097 2030 si
1118 1991 1204 2042 quis

318 2054 380 2091 et,
1129 2045 1204 2082 180

92 2099 231 2150 Neque
248 2058 380 2137 ἔξω.
380 2112 443 2137 1110
461 2111 697 2137 commovere
716 2111 870 2150 possum
889 2112 969 2150 prae
987 2097 1207 2136 formidine.

93 2152 216 2201 nioet,
241 2152 422 2191 mandata
439 2153 521 2192 heri
540 2152 746 2204 perierunt,
763 2152 844 2191 un&
862 2161 899 2190 et
919 2151 1038 2190 Sosia.
