1412 2427
189 19 263 57 130
478 20 841 60 AULULARIA.
869 22 929 61 11.
961 25 1001 61 4.

184 128 288 164 Stro.
315 127 475 164 Famem
497 125 666 178 (hercle)
683 128 864 167 utendam
892 129 925 167 si
949 141 1073 180 roges,
1093 141 1291 182 nunquam

343 180 461 218 dabit.
1238 185 1291 222 32

183 231 290 278 Quin
309 233 382 284 ipsi
400 233 549 284 pridem
566 241 694 272 tonsor
712 234 873 286 ungueis
893 235 1078 275 demserat
1092 250 1105 283 ;

183 285 360 337 Collegit,
381 287 509 325 omnia
528 287 684 325 abstulit
701 289 959 339 praesegmina.

187 340 281 376 Con.
311 340 470 391 Edepol,
489 341 689 379 mortalem
706 354 816 392 parce
834 355 993 391 parcum
1011 342 1192 393 praedicas
1210 343 1219 381 !
1238 343 1292 382 35

184 392 358 430 Cense'n'
379 406 466 431 vero
484 394 577 432 adeo
595 407 705 445 parce
723 401 759 432 et
775 395 910 433 misere
928 396 1080 434 vivere?

182 446 286 483 Stro.
315 446 565 485 Pulmentum
586 447 732 498 pridem
751 448 799 486 eii
816 448 981 500 deripuit
997 449 1167 488 miluus:

182 498 314 536 Homo
332 499 380 537 ad
399 507 596 551 praetorem
615 501 920 551 deplorabundus
938 501 1063 540 venit:

180 551 274 588 Infit
291 553 345 590 ibi
364 553 564 603 postulare,
585 554 750 604 plorans,
771 555 933 603 ejulans,

180 603 236 641 Ut
256 606 326 644 sibi
344 607 470 645 liceret
487 606 651 644 miluum
670 608 851 646 vadarier.
1239 610 1292 649 40

180 657 366 697 Sexcenta
384 667 484 707 sunt,
506 673 592 710 quae
610 673 832 709 memorem,
854 661 885 699 si
903 660 951 699 sit
968 661 1104 709 otium.

181 713 257 751 Sed
276 720 358 750 uter
377 720 586 751 vostrorum
606 714 653 751 ’st
671 714 853 752 celerior?
882 727 1052 754 memora
1067 716 1177 754 mihi.

183 770 278 807 Con.
306 766 408 818 Ego,
428 773 472 804 ut
489 767 612 804 multo
626 767 773 805 melior.

531 822 635 858 Stro.
665 820 811 859 Cocum
830 834 914 872 ego,
932 833 1009 860 non
1026 822 1166 868 furem,
1184 835 1289 874 rogo.

182 875 278 914 Con.
309 872 453 911 Cocum
473 885 543 923 ego
561 873 657 911 dico.

498 928 603 964 Str-0.
632 927 740 974 Quid
758 935 801 964 tu
819 926 874 965 ais
887 927 906 964 ἱ)

755 981 793 1017 A
799 981 878 1018 nth.
908 980 970 1018 Sic
989 993 1089 1030 sum,
1109 989 1153 1020 ut
1171 983 1288 1022 vides.

180 1036 273 1073 Con.
294 1033 417 1071 Cocus
435 1032 498 1070 ille
516 1032 737 1072 nundinans
754 1040 833 1071 est:
854 1033 895 1071 in
914 1046 1061 1073 nonum
1079 1035 1181 1073 diem
1235 1038 1286 1074 45

179 1087 282 1125 Solet
299 1086 353 1124 ire
372 1092 533 1124 coctum.

513 1139 551 1176 A
558 1138 638 1175 nth.
667 1138 788 1187 Tun',
809 1140 925 1178 trium
942 1141 1137 1180 literarum
1155 1142 1287 1192 homo,

176 1193 247 1232 Me
266 1193 455 1244 vituperas
470 1193 487 1229 ἓ
512 1191 590 1238 fur,
608 1191 721 1229 etiam
739 1192 802 1230 fur
821 1194 1034 1233 trifurcifer.

176 1249 284 1286 stro.
304 1246 407 1284 Tace
424 1257 526 1283 nunc
541 1246 623 1294 jam
641 1252 706 1283 tu:
737 1253 865 1297 atque,
886 1250 1027 1299 agnum
1045 1249 1191 1288 horunc
1203 1256 1288 1288 uter

335 1307 390 1337 est
407 1298 584 1350 pinguior
597 1323 734 1338 .....

177 1355 271 1393 Con.
302 1352 423 1391 Licet.

403 1407 508 1445 Stro.
539 1405 619 1451 Tu,
640 1405 817 1457 Congrio,
839 1419 928 1445 eum
946 1421 1068 1456 sume,
1088 1414 1204 1460 atque
1221 1408 1285 1447 abi

174 1460 282 1497 Intro
301 1459 392 1497 illuc
407 1472 420 1504 3
452 1466 489 1497 et
507 1471 574 1497 vos
591 1458 703 1496 illum
725 1460 952 1510 sequimini:
1232 1463 1285 1500 50

172 1513 254 1551 Vos
274 1513 397 1550 caeteri
415 1512 507 1550 illuc
524 1512 573 1549 ad
591 1523 672 1549 nos.

679 1566 802 1603 Anth.
831 1566 985 1613 Hercle,
1004 1566 1148 1616 injuria

171 1618 429 1671 Dispertivisti
445 1632 455 1656 ι
485 1617 725 1669 pinguiorem
743 1631 887 1669 agnum
905 1620 969 1657 isti
984 1619 1138 1658 habent.

174 1675 275 1712 Stro.
306 1673 358 1710 At
371 1684 473 1709 nunc
491 1671 561 1709 tibi
580 1671 731 1710 dabitur
747 1673 927 1722 pinguior
945 1673 1116 1712 tibicina.

172 1728 194 1764 Ι
214 1738 302 1764 sane
321 1737 408 1763 cum
428 1725 508 1772 illo,
531 1724 701 1776 Phrygia
717 1739 727 1762 ε
757 1732 801 1763 tu
819 1734 962 1775 autem,
980 1726 1198 1776 meusium,

174 1780 265 1817 Huc
282 1779 382 1817 intro
401 1779 462 1816 abi
481 1778 530 1816 ad
553 1791 633 1816 nos.

653 1833 747 1870 Con.
776 1833 814 1872 O
834 1833 997 1872 Strobile
1015 1834 1201 1872 subdole!
1232 1836 1284 1872 55

172 1885 346 1924 Huncine
364 1885 556 1923 detrusisti
573 1897 636 1923 me
654 1885 703 1922 ad
721 1898 848 1924 senem
866 1887 1144 1938 parcissumum
1160 1890 1178 1926 ?

170 1939 263 1984 Ubi,
285 1939 317 1976 si
335 1939 428 1990 quid
447 1951 615 1990 poscam,
635 1951 757 1990 usque
775 1939 823 1978 ad
841 1941 962 1979 ravim
981 1953 1134 1991 poscam
1151 1941 1257 1992 prius

170 1991 302 2039 Quam
320 1992 533 2044 quidquam
551 1992 672 2030 detur.

597 2047 700 2084 stro.
734 2047 905 2085 Stultum
924 2053 961 2084 et
979 2046 1058 2085 sine
1074 2046 1197 2097 grati&
1216 2047 1279 2095 'st,
