1412 2427
146 84 223 123 210
446 81 782 121 BACCHIDES.
811 82 886 120 IV.
917 84 955 121 9.

146 190 238 228 Post
253 190 320 228 ubi
335 189 490 228 tabellas
509 189 557 227 ad
571 200 697 226 senem
712 187 846 234 detuli,
861 187 914 226 ibi
929 187 1045 225 occidi
1058 187 1249 225 Troilum.

146 243 278 290 Quom
297 242 442 281 censuit
461 241 744 281 Mnesilochum
762 254 850 279 cum
868 253 987 278 uxore
1005 253 1084 278 esse
1102 240 1250 279 dudum

307 296 453 343 militis,
1199 294 1250 337 37

149 350 211 388 Ibi
240 350 304 388 vix
336 362 398 388 me
426 347 591 387 exsolvi:
634 355 747 398 atque
775 347 816 385 id
844 347 1027 397 periclum
1057 347 1252 394 assimulo,

306 403 483 453 Ulyssem
502 409 545 439 ut
563 401 766 451 praedicant

148 455 355 507 Cognitum
375 457 423 494 ab
440 454 603 501 Helena,
627 467 705 492 esse
724 453 914 504 proditum
933 453 1116 491 Hecubae.
1166 452 1255 497 Sed,

307 517 351 547 ut
369 508 459 547 olim
479 508 543 545 ine
562 520 600 545 se

150 562 354 601 Blanditiis
372 561 526 609 exemit,
547 567 582 598 et
601 559 798 609 persuasit..
819 573 857 598 sc
875 566 917 597 ut
937 559 1148 604 amitteret;
1205 559 1257 597 40

150 616 252 654 Item
285 629 354 666 ego
379 615 474 653 dolis
506 626 569 652 me
598 614 664 651 illo
691 613 822 663 expuli
850 613 1031 664 periculo,
1062 621 1098 651 et
1128 612 1257 663 decepi

308 681 448 707 senem.

154 722 306 770 Postea,
326 735 414 760 cum
442 720 643 771 magnifico
661 720 799 768 milite,
820 719 946 757 urbeis
965 719 1088 757 verbis
1106 719 1173 770 qui
1200 718 1259 756 in-

311 787 438 813 ermus
457 775 570 825 capit,

151 828 331 875 Conflixi,
352 836 466 879 atque
483 827 677 865 hominem
695 826 841 877 repuli:
872 825 958 863 dein
978 837 1147 876 pugnam
1172 837 1259 863 con-

311 882 410 920 serui
429 881 531 919 seni:

153 936 239 986 Ego
262 948 350 973 eum
376 934 468 972 adeo
494 946 570 972 uno
597 932 793 971 mendacio
812 931 955 970 devici:
986 944 1063 969 uno
1091 932 1167 970 ictu
1196 945 1261 970 ex-

313 988 483 1039 tempulo

154 1042 250 1093 Cepi
277 1041 410 1092 spolia.
465 1041 505 1079 Is
532 1052 634 1078 nunc
658 1039 839 1078 ducentos
867 1050 1045 1076 nummos
1064 1037 1263 1089 Philippos

315 1094 442 1142 militi,
1210 1093 1262 1129 45

155 1149 265 1196 Quos
283 1148 372 1186 dare
390 1161 428 1186 se
446 1147 633 1198 promisit,
653 1145 770 1184 dabit.

156 1203 273 1240 Nunc
291 1201 416 1239 alteris
434 1202 547 1239 etiam
566 1200 735 1238 ducentis
752 1200 890 1245 usu'st,
910 1199 976 1250 qui
996 1198 1256 1249 dispensentur

156 1256 230 1293 Ilio
249 1262 382 1305 capt03
414 1262 458 1292 ut
477 1255 524 1292 sit
541 1255 725 1296 mulsum,
746 1253 815 1303 qui
834 1252 1070 1303 triumphent
1087 1251 1237 1289 milites.

155 1309 231 1347 Sed
256 1308 432 1347 Priamus
457 1308 520 1345 hic
542 1307 666 1345 multo
687 1306 745 1344 illi
768 1313 946 1358 praestat:
978 1318 1055 1342 non
1074 1305 1263 1356 quinqua-

315 1361 420 1412 ginta
436 1361 564 1408 modo,

154 1414 462 1465 Quadringentos
489 1414 586 1452 filios
615 1413 753 1458 habet;
786 1420 900 1464 atque
925 1411 1101 1464 equidem
1120 1410 1265 1449 omneis

316 1468 431 1506 lectos
451 1468 530 1506 sine
546 1469 707 1517 probro:
1215 1465 1267 1500 50

157 1522 237 1560 Eos
274 1534 342 1572 ego
378 1521 490 1559 hodie
525 1521 670 1559 omneis
706 1520 959 1558 contruncabo
995 1517 1144 1555 duobus
1180 1516 1268 1555 solis

315 1575 464 1613 ictibus.

158 1628 200 1666 N
202 1641 276 1667 unc
290 1628 445 1666 Priamo
463 1634 588 1665 nostro
607 1627 638 1664 si
656 1633 711 1665 est
724 1625 810 1677 quis
827 1634 961 1673 emtor,
981 1623 1268 1663 coemtionalem

318 1694 447 1719 senem

159 1734 338 1773 Vendam
363 1747 447 1794 ego,
475 1734 647 1773 venalem
674 1746 790 1784 quem
818 1733 953 1781 habeo,
983 1731 1174 1782 extemplo
1203 1730 1270 1769 ubi

161 1840 236 1880 Sed
254 1787 845 1879 Prffldffirssdifftiltffiveecrsdm
867 1846 956 1878 ante
979 1844 1128 1890 portam
1147 1837 1268 1877 video.

322 1894 467 1942 Adibo,
487 1902 600 1945 atque
618 1894 801 1944 alloquar.

164 1950 217 1987 N
216 1949 262 1986 ic.
283 1948 473 1997 Cujanam
492 1961 566 1986 vox
583 1960 700 1998 prope
717 1959 780 1985 me
798 1955 906 2006 sonat
918 1948 936 1984 ?
972 1998 981 2024 ο

591 2001 685 2039 Chr'
707 1999 1036 2101 (ivgfcssffllef'ita
1065 2051 1189 2104 quid?
1220 2054 1270 2089 55

164 2108 282 2156 Quod
299 2115 337 2148 te
353 2107 455 2158 misi,
475 2107 610 2160 ecquid
629 2107 738 2157 egisti
751 2109 769 2144 ?

539 2161 630 2200 Chr.
655 2161 816 2211 Rogas?
845 2157 1080 2211 congredere.
