1412 2427
136 28 187 65 28
431 28 803 69 AMPHITRUO.
833 29 890 67 11.
923 30 956 66 1.

136 134 276 184 Amph.
301 135 355 173 At
384 142 420 173 te
438 148 508 187 ego
525 135 661 174 faciam
690 135 815 185 hodie,
841 133 997 187 proinde
1018 146 1062 172 ac
1084 133 1244 172 meritus

297 201 350 234 es,
1189 188 1241 224 35

137 241 194 280 Ut
211 240 338 280 minus
358 242 495 289 valeas,
515 252 552 279 et
569 241 683 280 miser
700 242 764 289 sis,

137 294 273 333 Salvus
292 295 451 332 domum
470 295 500 333 si
519 294 671 332 rediero.
726 295 755 333 J
758 308 818 333 am

134 349 297 398 Sequere
315 348 377 395 sis,
398 348 531 386 herum
551 348 618 398 qui
635 348 806 386 ludificas
823 347 930 386 dictis
950 347 1220 391 delirantibus;

135 400 229 449 Qui,
268 401 464 451 quoniam,
502 401 615 439 herus
652 401 754 452 quod
790 401 1002 452 imperavit,
1040 400 1242 451 neglexisti

294 467 400 504 perse
428 467 482 501 111,

135 506 253 544 Nunc
283 507 387 545 venis
401 468 531 545 qetiam
560 507 660 545 ultro
688 507 841 546 irrisum
871 507 1085 546 dominum.
1140 506 1241 554 Quae

296 572 418 611 neque
437 559 516 598 fieri
1187 560 1239 597 40

137 613 314 661 Possunt,
345 626 468 664 neque
495 612 611 650 fando
644 626 813 665 unquam
850 613 992 664 accepit
1021 613 1240 664 quisquam,

294 666 451 717 profers,
471 666 675 711 carnufex3

137 720 289 768 Quojus
312 732 380 770 ego
408 719 519 757 hodie
543 719 584 756 in
606 726 711 769 tergo
729 719 818 757 faxo
840 718 911 757 ista
935 726 1115 769 expetant
1133 729 1246 757 men-

297 772 414 810 dacia.

136 826 213 863 Sos.
241 825 494 917 Arghstruo,
522 825 747 864 miserruma
767 825 868 864 istaec
889 826 1040 864 miseria
1057 834 1113 864 est
1131 837 1237 864 servo

345 891 395 916 no

135 933 258 983 Apud
288 907 424 992 herum
459 932 526 984 qui
559 945 646 971 vera
681 932 865 983 loquitur,
903 932 936 970 si
971 931 1012 969 id
1041 931 1078 970 vi
1111 944 1241 970 verum

295 993 467 1023 Vincitur.

135 1040 172 1076 A
180 1040 281 1088 mph.
302 1039 393 1085 Quo
412 1039 450 1076 id
465 1039 630 1088 (malum
647 1038 679 1088 !)
699 1046 809 1089 pacto
827 1046 948 1088 potest
965 1038 1073 1089 (nam
1092 1050 1243 1076 mecum

295 1092 526 1142 argumentis
544 1100 654 1142 puta)
1193 1093 1244 1128 45

139 1144 253 1193 Fieri,
273 1157 375 1183 nunc
394 1145 450 1182 uti
469 1153 508 1182 tu
529 1145 593 1182 hic
611 1145 660 1182 sis
679 1152 716 1182 et
734 1144 868 1183 domi?
897 1144 936 1182 id
955 1144 1030 1182 dici
1045 1145 1142 1183 volo.

139 1201 217 1237 Sos.
247 1200 343 1237 Sum
367 1197 533 1248 profecto
551 1206 589 1236 et
606 1198 670 1236 hic
689 1206 726 1236 et
747 1198 838 1236 illic.
893 1198 980 1236 Hoc
998 1198 1146 1249 quoivis
1169 1197 1244 1236 mi-

297 1251 370 1289 rari
388 1251 485 1289 licet.

138 1307 276 1357 Neque
304 1305 373 1342 tibi
401 1305 499 1343 istuc
526 1305 668 1343 mirum
699 1304 822 1355 magis
850 1304 1010 1352 videtur,
1029 1317 1147 1356 quam
1171 1303 1246 1356 ipsi

297 1357 406 1396 mihi.

139 1412 277 1462 Amph.
306 1412 396 1460 Quo
414 1410 559 1448 modo?

405 1466 486 1500 Sos.
516 1463 695 1511 Nihilo,
684 1475 857 1514 inquam,
877 1462 1019 1501 mirum
1037 1464 1160 1514 magis
1178 1464 1249 1502 tibi

457 1517 566 1563 istuc,
587 1529 704 1567 quam
720 1516 828 1553 mihi.

139 1572 277 1624 Neque
297 1571 369 1622 (ita
386 1583 448 1608 me
463 1569 532 1607 Dii
549 1567 695 1618 ament)
716 1569 911 1607 credebam
930 1570 1054 1620 primo
1072 1570 1247 1608 mihimet

300 1624 429 1671 sosiae,
1193 1626 1245 1662 50

140 1677 273 1716 Donec
293 1678 411 1724 Sosia,
431 1677 496 1715 ifle
515 1683 675 1727 egomet,
696 1675 783 1713 fecit
801 1676 872 1713 sibi
891 1676 947 1713 uti
965 1676 1166 1714 crederem.

140 1731 286 1769 Ordine
315 1743 440 1778 omne,
479 1730 536 1767 uti
568 1729 737 1780 quidque
769 1737 897 1767 actum
927 1730 989 1777 'st,
1020 1729 1114 1767 dum
1143 1730 1247 1782 apud

298 1783 423 1821 hostes
442 1783 622 1828 sedimus,

139 1837 408 1881 Edissertavit3
432 1845 515 1874 tum
530 1836 692 1872 formam
712 1836 790 1874 unii
808 1836 963 1874 abstulit
977 1849 1063 1874 cum
1084 1837 1251 1875 nomine.

140 1891 280 1941 Neque
303 1890 362 1928 lac
379 1889 467 1927 lacti
496 1888 618 1938 magis
637 1897 692 1926 est
717 1889 854 1936 simile,
879 1903 996 1940 quam
1026 1890 1093 1928 ille
1111 1903 1181 1940 ego
1199 1890 1248 1928 si-

300 1943 433 1981 mili'st
450 1942 538 1981 mei.

137 1998 259 2044 Nam,
278 2004 322 2035 ut
340 1995 488 2034 dudum
506 2006 594 2034 ante
618 1996 744 2034 lucem
773 2009 796 2034 a
818 2005 927 2047 portu
955 2009 1019 2035 rne
1036 1995 1251 2047 praemisisti

297 2049 457 2088 domum
489 2077 496 2085 .
526 2076 536 2085 .
569 2077 578 2087 .
607 2074 617 2086 .
1197 2050 1249 2086 55

140 2104 280 2154 Amph.
309 2102 416 2151 Quid
435 2102 581 2153 igitur?
