1412 2427
414 59 756 98 BACCHIDES.
786 61 820 98 Ι.
849 62 887 99 2.
1162 59 1232 104 171

122 165 176 204 Et
193 177 347 216 operam
365 164 454 203 dare
467 164 578 214 mihi,
594 171 631 203 et
647 165 698 203 ad
715 177 800 204 eam
819 178 974 217 operam
992 167 1113 205 faeere
1131 177 1238 204 sum-

280 226 364 256 tum
383 218 430 256 de
449 225 528 257 tuo.

121 274 218 310 Bac,
247 271 303 310 At
320 283 390 323 ego
407 271 497 312 nolo
514 271 604 310 dare
621 279 659 311 te
677 272 904 325 quidquam.

501 327 607 364 Pist.
636 326 739 365 Sine.

536 382 634 418 Bac.
663 380 756 419 Sino
774 379 966 432 equidem,
986 379 1018 419 si
1035 380 1155 418 lubet.
1184 378 1236 415 65

121 433 302 484 Propera,
330 434 479 472 amabo.

521 488 626 525 Pist.
652 486 766 526 Prius
795 487 860 526 hic
889 487 1013 533 adero,
1047 498 1166 539 quam
1198 493 1236 524 te

627 553 755 579 amare
772 539 956 579 desinam.

122 595 219 631 Bac.
238 595 303 631 II.
331 594 439 632 Bene
458 606 521 632 me
538 594 675 645 accipis
693 594 969 643 advenientem,
989 605 1075 632 mea
1093 605 1208 632 soror.

653 649 750 687 Bac.
767 649 806 685 I.
837 647 946 696 Quid
963 647 1031 696 ita,
1051 649 1202 685 obsecro
1215 646 1234 683 Ρ

122 703 218 739 Bac.
241 702 307 739 II.
334 700 439 748 Quia
456 701 633 752 piscatus,
649 712 735 739 meo
748 700 904 752 quidem
921 701 1066 751 animo,
1085 700 1148 739 1110
1166 700 1236 739 tibi

281 753 395 792 hodie
413 754 537 793 evenit
555 756 690 792 bonus.

122 810 218 846 Bac.
247 810 287 846 I.
314 807 432 846 Meus
461 808 526 846 ille
550 807 706 858 quidem
736 806 796 847 ’st-
838 807 932 848 Tibi
958 819 1062 847 nunc
1080 819 1236 859 operam

276 860 375 899 dabo
393 861 440 900 de
458 860 710 909 Mnesiloche,
730 873 846 910 soror,

120 913 177 952 Ut
197 913 263 952 1110
285 914 444 966 accipias
466 915 591 967 potius
614 927 766 964 aurum,
790 928 908 967 quam
938 915 1028 954 111110
1058 927 1119 954 eas
1147 926 1236 953 cum

280 967 415 1006 milite.
1182 968 1235 1012 70

130 1022 228 1058 Bac.
245 1023 310 1059 II.
340 1021 478 1072 Cupio.

450 1077 548 1113 Bae.
576 1078 612 1114 Ι.
643 1075 810 1114 Dabitur
827 1086 963 1127 operae
993 1087 1094 1126 aqua
1110 1074 1231 1113 calet:

551 1142 681 1168 eamus
698 1129 787 1167 hinc
806 1128 919 1175 intro,
938 1135 983 1167 ut
999 1128 1126 1167 lavae:

126 1180 246 1226 Nam,
267 1189 311 1219 ut
329 1182 368 1220 in
388 1181 476 1220 navi
496 1190 600 1220 vecta
618 1196 670 1231 es,
691 1183 813 1230 credo,
833 1181 969 1220 timida
987 1194 1038 1219 ee.

613 1239 712 1274 Bac.
730 1239 795 1274 II.
823 1236 1098 1287 Aliquantum,
1118 1246 1233 1272 soror.

124 1287 250 1326 Simul
280 1287 369 1326 hinc
390 1289 601 1341 nescio-qui
623 1291 765 1338 turbat,
789 1289 858 1341 qui
881 1289 958 1328 huc
979 1289 1022 1327 it.
1063 1287 1236 1327 Deceda-

284 1354 383 1380 mus.

125 1396 222 1432 Bac.
244 1397 283 1434 I.
300 1397 463 1446 Sequere
482 1396 552 1434 hac
570 1396 688 1447 igitur
700 1409 763 1435 me
785 1395 935 1434 introin
946 1394 1103 1445 lectum,
1117 1402 1162 1434 ut
1180 1406 1238 1434 se-

284 1448 349 1487 des
367 1449 644 1488 lassitudinem.

388 1605 573 1644 ACTUS
602 1605 638 1643 1.
693 1605 879 1644 SCENA
908 1605 968 1644 II.

400 1713 575 1750 LYncs.
634 1712 963 1750 PlsTocLERUS.

126 1820 176 1856 L
163 1819 229 1867 ι]ι1
256 1817 513 1865 Jamdudmn‚
536 1818 750 1865 Pistoclere,
771 1819 906 1856 tacitus
925 1825 962 1856 te
981 1831 1130 1870 sequor,

123 1873 321 1932 Spectans,
341 1884 436 1922 quas
453 1879 535 1909 tute
552 1884 610 1910 res
628 1872 700 1910 hoc
719 1881 854 1910 ornatu
873 1884 992 1922 geras.

123 1926 245 1972 Nam,
264 1924 319 1962 ita
335 1937 398 1962 me
416 1924 485 1962 Dii
502 1933 643 1973 ament,
665 1933 708 1963 ut
727 1926 928 1976 Lycurgus
946 1925 1043 1964 mihi
1062 1925 1219 1978 quidem

123 1978 288 2016 Videtur
305 1990 412 2029 posse
427 1978 491 2015 hic
509 1977 558 2015 ad
575 1979 785 2030 nequitiam
803 1978 992 2017 adducier.

123 2031 215 2078 Quo
233 2044 335 2070 nunc
331 2031 513 2096 capaesis
531 2039 582 2078 te,
602 2031 691 2071 hinc
709 2032 867 2071 advorsa
886 2032 960 2080 via,
1210 2032 1235 2066 5

125 2083 227 2123 Cum
246 2082 349 2123 tanta
368 2084 542 2136 pompa?

409 2139 514 2176 Pist.
544 2138 646 2177 Huc.
