1412 2427
186 67 264 103 3⁶26
471 65 876 105 CISTE-LLARIA.
907 67 942 105 Ι.
974 68 1012 105 2.

449 224 633 264 ACTUS
665 225 697 262 Ι.
755 224 941 264 SCENA
968 223 1027 261 ΙΙ.

666 331 812 371 LENA.

188 439 297 477 Idem
317 438 426 485 mihi,
446 451 596 489 magnae
614 439 717 490 quod
735 439 833 490 parti
853 445 909 476 est
919 436 1055 476 vitium
1074 435 1300 481 mulierum,

189 493 290 540 Quae
312 493 413 530 hunc
442 501 629 543 quaestum
656 493 841 538 facimus3
881 505 967 543 quae
994 491 1061 529 ubi
1090 491 1297 528 saburratae

190 558 644 651 Largilogililzieugiitemplo
662 611 795 637 sumus
811 612 822 644 ;
853 599 941 650 plus
952 598 1160 649 loquimur,
1179 607 1297 647 quam

190 707 296 745 Nam
329 660 543 796 ilsliiiligStego
572 706 680 754 olim,
711 719 796 758 quae
827 706 917 744 hinc
946 705 1039 744 flens
1070 704 1177 752 abiit,
1210 714 1300 754 par-

350 772 400 797 vu
418 772 480 797 am

193 813 367 852 Puellam
386 814 590 864 projectam
608 826 654 851 ex
667 813 867 864 angiportu
887 813 1036 851 sustuli.
1273 811 1300 846 5

189 867 422 905 Adolescens
442 865 599 917 quidam
617 866 681 904 hic
699 874 754 904 oet
771 866 943 916 apprime
961 865 1123 904 nobilis.

194 920 320 972 (Quin
341 932 411 970 ego
427 931 542 966 nunc,
559 920 649 970 quia
667 932 753 957 sum
773 928 908 957 onusta
931 932 1015 957 mea
1033 933 1080 958 ex
1099 916 1298 964 sententia,

193 973 373 1024 Quiaque
392 973 485 1010 adeo
503 985 566 1010 me
585 972 771 1023 complevi
788 972 878 1011 flore
897 973 1041 1019 Liberi,

192 1026 324 1077 Magis
341 1027 461 1064 libera
479 1026 537 1063 uti
554 1026 687 1077 lingua
705 1025 916 1064 collibitum
935 1033 989 1064 est
1007 1025 1128 1064 mihi.

195 1080 339 1118 Tacere
356 1091 502 1130 nequeo
521 1079 669 1127 misera,
691 1079 793 1131 quod
812 1079 925 1118 tacito
942 1093 1033 1118 usus
1051 1081 1125 1130 est)
1253 1077 1302 1115 10

194 1134 356 1184 Sicyone
374 1146 525 1171 summo
543 1145 678 1183 genere
694 1133 728 1171 ei
748 1133 840 1170 vivit
858 1141 976 1184 pater.

197 1187 240 1225 Is
259 1199 387 1224 amore
404 1187 538 1224 misere
555 1186 653 1224 hanc
671 1186 815 1237 deperit
833 1187 1111 1234 mulierculam,

193 1240 294 1288 Quae
311 1239 400 1278 hinc
418 1239 531 1277 modo
549 1239 642 1278 flens
660 1240 765 1278 abiit.
805 1239 961 1289 Contra,
977 1252 1104 1278 amore
1117 1238 1199 1277 haec
1215 1250 1303 1290 per-

358 1293 437 1331 dita
452 1294 510 1331 'st.

194 1347 295 1387 Eam
313 1360 409 1384 meae
427 1359 497 1397 ego
514 1347 645 1386 amicae
663 1346 763 1386 dono
780 1346 869 1385 huic
887 1346 1072 1385 meretrici
1089 1345 1202 1392 dedi;

193 1401 310 1449 Quod
329 1414 428 1451 saepe
447 1413 597 1439 mecum
617 1401 849 1439 mentionem
867 1400 1009 1448 fecerit,
1254 1397 1303 1436 15

198 1455 367 1492 Puerum
384 1462 450 1492 aut
463 1454 630 1505 puellam
650 1453 826 1493 alicunde
842 1462 887 1493 ut
904 1454 1105 1506 reperirem
1121 1452 1208 1501 sibi,

192 1509 339 1547 Recens
357 1516 490 1546 natum
510 1521 620 1559 eapse
638 1507 776 1559 quode
759 1507 831 1546 sibi
849 1514 1089 1559 supponeret.

195 1562 277 1600 Ubi
294 1561 391 1598 mihi
408 1568 574 1612 potestas
591 1561 760 1612 primum
780 1561 916 1609 evenit,
935 1561 1036 1599 illico

196 1615 288 1654 Feci
307 1615 388 1663 ejus
408 1614 470 1659 eii,
489 1615 591 1664 quod
610 1627 673 1652 me
690 1615 824 1662 oravit,
845 1614 1006 1664 copiam.

197 1669 408 1718 Postquam
425 1668 594 1719 puellam
612 1681 696 1706 eam
714 1681 738 1706 a
756 1681 819 1706 me
837 1668 993 1719 accepit,
1010 1666 1112 1706 illico
1250 1666 1303 1705 20

197 1721 389 1760 Eamdem
408 1721 577 1772 puellam
592 1722 749 1773 peperit,
770 1734 887 1772 quam
905 1735 929 1759 a
946 1734 1010 1760 me
1027 1729 1233 1771 acceperat,

195 1776 286 1814 Sine
303 1774 511 1812 obstetricis
527 1774 655 1835 opera,
677 1782 714 1813 et
730 1775 812 1813 sine
828 1774 1035 1824 doloribus,

197 1829 300 1866 Item
317 1835 362 1865 ut
379 1827 463 1865 aliae
479 1828 648 1878 pariunt,
668 1842 754 1880 quae
770 1826 951 1879 [bonum]
972 1803 1149 1880 quierunt
1166 1826 1262 1866 sibi:

198 1882 305 1920 Nam
319 1888 526 1918 amatorem
545 1881 668 1919 aiebat
686 1895 766 1920 esse
782 1882 1027 1947 peregrinum
1041 1881 1138 1921 sibi.

197 1934 504 1986 Suppositionem
523 1935 614 1996 ejus·
622 1935 675 1973 rei
691 1935 814 1975 facere
830 1935 964 1986 gratia·
1251 1934 1306 1971 25

199 1988 249 2026 Id
268 1987 354 2025 duae
371 1999 439 2025 nos
458 1987 546 2025 solae
565 1988 734 2035 scimus;
764 2002 848 2040 ego,
868 2002 955 2040 quae
975 1989 1034 2027 illi
1050 1988 1152 2079 dedi,

195 2041 252 2079 Et
269 2041 349 2088 illa,
369 2054 456 2092 quae
473 2053 496 2078 a
513 2054 577 2079 me
594 2043 762 2092 accepit;
790 2049 926 2104 praeter
943 2055 1009 2081 vos
1028 2042 1120 2094 quid
1123 2055 1196 2080 em.

197 2094 295 2132 Haec
312 2094 364 2132 sic
381 2107 438 2132 res
455 2102 560 2145 gesta
579 2102 645 2134 est.
686 2097 728 2135 Si
746 2097 831 2148 quis
848 2108 941 2134 usus
959 2096 1116 2143 venerit,

195 2147 421 2187 Meminisse
451 2160 520 2199 ego
549 2148 647 2188 hanc
675 2162 756 2189 rem
788 2162 854 2190 vos
878 2149 988 2189 volo·
1017 2161 1088 2200 ego
1118 2150 1212 2188 abeo
1238 2147 1308 2187 do-

347 2212 468 2240 mum.
