1412 2427
361 69 612 108 AMPHIT.
625 90 676 98 -
691 66 1007 107 PROLOGUS.
1216 74 1238 107 5

115 175 173 216 Ut
190 177 249 215 his
267 177 307 214 in
327 176 439 216 cavei
456 177 596 228 pignus
614 175 811 227 mpiantur
828 182 938 225 togae.
1177 178 1228 214 68

113 231 203 281 Sive
221 230 289 282 qui
307 231 515 269 ambissent
532 230 703 281 palmam
720 227 983 275 histrionibus,

114 285 190 322 Seu
210 284 418 335 quoiquam
437 283 585 329 artifici,
606 295 673 321 seu
691 295 759 333 per
776 281 932 332 scriptas
950 281 1090 329 literas,
1174 284 1224 327 70

112 338 200 376 Sive
218 337 286 388 qui
304 337 378 389 ipsi
396 338 617 382 ambissent,
636 349 703 375 seu
720 349 788 387 per
805 335 1097 383 internuntium,

112 390 201 430 Sive
219 391 312 429 adeo
331 391 456 429 aedilae
473 390 671 442 perfidiose
688 390 780 441 quoi
797 388 922 436 duint,

110 444 300 495 Sirempse
316 445 441 495 legem
456 444 570 494 jussit
593 456 672 482 esse
689 443 865 494 Jupiter;

110 497 234 545 Quasi
252 498 518 548 magisnatum
537 497 608 536 sibi
626 497 779 536 alterive
796 496 1007 534 ambiverit.

110 550 278 599 Virtute,
299 551 410 599 dixit,
432 564 497 589 vos
515 551 670 589 victores
689 550 827 596 vivere,
1170 552 1221 595 75
1288 571 1291 574 ¹

110 604 203 642 Non
224 605 443 655 ambitione,
463 617 587 656 neque
605 604 775 655 perfidia.
832 604 914 652 Qui
933 603 1061 642 minus

108 652 450 696 Eadem'Eistrioni
468 658 518 697 sit
534 658 612 705 lex,
634 671 721 708 quae
739 670 891 696 summo
910 658 990 710 viro
1004 661 1022 696 ἲ

109 711 264 749 Virtute
282 712 426 750 ambire
444 719 603 762 oportet,
624 723 700 749 non
718 711 952 749 favitoribus.

110 765 177 803 Sat
195 765 308 803 habet
326 765 531 803 favitorum
551 778 709 816 semper,
731 765 797 816 qui
815 773 912 803 recte
926 764 1030 811 facit,

108 818 150 856 Si
168 818 243 856 illis
263 819 355 857 fides
373 827 440 864 oet,
462 819 601 870 quibus
620 827 676 856 est
695 831 738 856 ω
756 832 813 856 res
832 819 870 856 in
891 830 1020 856 manu.
1170 821 1220 857 30

108 871 196 909 Hoc
214 886 367 924 quoque
386 873 499 911 etiam
519 872 615 910 mihi
633 873 673 910 in
692 872 882 910 mandatis
899 871 1017 919 dedit,

108 925 164 962 Ut
182 926 451 977 conquisitores
470 926 603 964 fierent
622 926 882 973 histrionibus,

107 978 189 1025 Qui
208 979 280 1018 sibi
298 980 555 1027 mandassent,
575 979 737 1031 delegati
755 987 800 1017 ut
817 979 1055 1030 plauderent,

106 1031 248 1078 Quive,
269 1047 346 1084 quo
363 1034 528 1083 placeret
546 1033 652 1079 alter,
673 1033 860 1079 fecissent,
880 1033 1026 1079 minus,
1058 1072 1065 1085 f
1088 1074 1092 1078 ,

17 1079 27 1121 κ’
49 1098 54 1122 ε
103 1084 173 1122 Eis
192 1095 411 1124 ornamenta
430 1094 466 1124 et
485 1087 629 1124 corium
649 1087 705 1124 uti
725 1086 973 1125 conciderent.
1049 1092 1055 1110 ²
1084 1081 1086 1085 ’
1165 1089 1219 1124 35

102 1137 241 1176 Mirari
259 1139 378 1176 nolim
398 1152 477 1184 vos,
498 1146 728 1190 quapropter
746 1140 904 1189 Jupiter

102 1191 143 1228 N
146 1204 220 1229 unc
237 1191 436 1230 histriones
454 1200 570 1230 curet.
630 1192 693 1230 Ne
711 1192 927 1230 miremini:

102 1244 191 1295 Ipse
209 1245 308 1283 hanc
327 1246 508 1283 actum'st
526 1245 682 1296 Jupiter
699 1245 935 1284 comoediam.

101 1297 208 1345 Quid
227 1298 403 1336 admirati
422 1299 539 1337 estis?
569 1298 677 1350 quasi
697 1311 783 1337 vero
801 1311 945 1337 novum

101 1351 217 1389 Nunc
235 1351 460 1403 proferatur,
482 1352 620 1390 Jovem
640 1352 762 1390 facere
780 1352 1030 1390 histrioniam.
1164 1356 1217 1393 90

97 1403 244 1452 Etiam,
265 1405 463 1444 histriones
481 1417 581 1443 anno
599 1418 718 1456 quom
736 1403 776 1443 in
795 1407 989 1456 proscenio
1007 1406 1073 1444 hic

96 1456 233 1496 Jovem
252 1459 490 1506 invocarunt,
511 1459 634 1496 venit:
668 1459 812 1497 auxilio
831 1459 883 1498 eis
901 1460 976 1498 fuit
994 1474 1005 1497 z

101 1512 288 1550 Praeterea
307 1520 406 1550 certo
424 1512 550 1564 prodit
567 1513 605 1549 in
627 1512 818 1564 tragoedizi,

97 1564 212 1603 Hanc
230 1566 399 1604 fabulam
422 1565 617 1617 (inquam)
637 1567 702 1604 hic
713 1567 869 1617 Jupiter
883 1566 995 1605 hodie
1012 1567 1092 1618 ipse
1110 1575 1212 1618 aget,

97 1618 150 1656 Et
169 1632 239 1670 ego
258 1620 336 1657 una
355 1632 443 1657 cum
461 1620 540 1658 illo.
601 1621 642 1658 N
645 1633 718 1659 unc
737 1620 910 1658 animum
929 1620 1127 1668 advortite,
1159 1624 1211 1660 95

98 1671 207 1710 Dum
225 1673 384 1722 hujusce
402 1680 672 1724 argumentum
691 1674 847 1725 eloquar
866 1674 1068 1712 comoediae.

97 1725 194 1763 Haec
213 1728 303 1764 urbs
322 1735 376 1764 est
397 1727 566 1766 Thebae:
595 1727 637 1765 in
657 1727 775 1766 illisce
792 1727 938 1765 habitat
959 1727 1103 1766 aedibus

95 1778 346 1830 Amphitruo,
366 1789 478 1818 natus
502 1781 611 1831 Argis
630 1794 677 1819 ex
696 1782 806 1832 Argo
824 1789 944 1832 patre,

95 1832 267 1879 Quicum
286 1833 505 1872 Alcumena
524 1835 571 1872 'st
589 1843 724 1885 nupta,
744 1835 888 1873 Electri
906 1835 998 1873 filia.

93 1885 136 1923 Is
155 1898 257 1924 nunc
277 1886 511 1937 Amphitruo
528 1888 758 1939 praefectu'st
776 1888 1001 1939 legionibus.
1135 1889 1210 1927 100

94 1938 200 1976 Nam
220 1952 308 1977 cum
329 1941 506 1979 Telebois
523 1941 669 1979 bellum
680 1943 728 1980 'st
746 1942 934 1980 Thebano
951 1941 1080 1994 poplo.

94 1991 151 2039 Is,
170 1993 393 2045 priusquam
410 1994 500 2033 hinc
517 1995 611 2033 abiit
629 1995 788 2046 ipsemet
805 1995 845 2033 in
863 1995 1084 2040 exercitum,

96 2045 305 2084 Gravidam
325 2047 583 2086 Alcumenam
602 2048 691 2087 fecit
708 2061 868 2087 uxorem
888 2061 1011 2087 suam.

94 2098 188 2137 Jam
208 2112 278 2151 ego
296 2113 361 2139 vos
378 2102 525 2141 novisse
544 2102 667 2146 credo,
686 2110 730 2140 ut
749 2103 797 2142 sit
814 2110 922 2154 pater
941 2115 1047 2141 meus
1063 2117 1075 2149 ;

94 2151 226 2198 Quam
246 2154 340 2192 liber
357 2155 496 2193 harum
517 2168 643 2194 rerum
663 2156 872 2194 multarum
893 2156 960 2194 siet
977 2170 988 2198 .·,
1133 2156 1206 2192 105

934 2220 958 2246 B
980 2210 1005 2243 ,ἶ
