1412 2427
423 61 765 102 BACCHIDES.
793 61 869 101 1v.
899 65 937 101 5.
1154 60 1227 99 201

116 170 248 207 Mnes.
275 168 454 219 AEquum
471 167 576 206 dicis.

278 222 375 260 Chr.
395 220 500 258 Cedo
516 220 687 260 tabellas.

217 321 220 322 ⁷
432 276 492 312 M
491 287 565 313 nes.
594 274 753 326 Accipe.

598 328 694 366 Chr.
713 328 906 367 Animum
926 327 1121 366 advortite.
1153 328 1224 366 101

117 379 370 428 Mnesiloche,
390 388 426 419 et
445 388 488 419 tu
507 380 723 429 Pistoclere,
740 383 821 431 jam
840 381 965 430 facite,
984 382 1025 419 in
1041 381 1194 419 biclinio

117 433 219 472 Cum
238 434 359 472 amicit
378 434 447 472 sua
467 443 625 486 uterque
648 435 864 474 accubitum
890 435 1004 474 eatis:
1035 434 1089 472 ita
1113 447 1229 486 nego-

274 488 371 525 tium
386 488 447 525 'st.

114 540 248 591 Atque
265 540 420 586 ibidem,
438 541 506 579 ubi
521 554 624 580 nune
641 551 730 582 sunt
743 541 830 581 lecti
848 541 969 589 strati,
988 540 1124 593 potetis
1144 540 1230 580 cito.

116 595 224 632 Pist.
252 594 458 645 Numquid
475 595 608 633 aliud?

385 649 481 687 Chr.
502 649 604 696 Hoc,
625 655 739 700 atque
756 649 884 698 etiam,
904 647 973 687 ubi
991 647 1062 686 erit
1079 646 1230 686 accubi-

489 707 572 739 tum
592 702 723 749 semel,
1152 701 1228 738 105

113 753 178 793 Ne
206 766 402 806 quoquam
432 755 657 806 exsurgatis,
689 755 806 794 donec
834 767 857 794 a
888 766 951 793 me
978 754 1048 794 erit
1075 753 1229 805 signum

272 808 421 846 datum.

115 862 220 900 Pist.
250 861 287 901 O
307 861 572 913 imperatorem
592 864 757 914 probum
774 862 785 900 !

580 917 676 955 Chr.
704 915 734 954 J
735 928 799 953 am
817 915 875 954 bis
893 915 1031 954 bibisse
1050 914 1230 967 oportuit.

115 969 174 1005 M
172 981 247 1007 nes.
277 968 505 1020 Fugiamus.

471 1024 567 1062 Chr.
595 1023 678 1061 Vos
696 1030 865 1060 vostrum
883 1028 1011 1060 curate
1029 1021 1194 1061 officium
1211 1036 1225 1068 ;

565 1088 636 1128 ego
654 1076 815 1115 efficiam
832 1087 976 1113 meum.

358 1235 544 1275 ACTUS
572 1236 648 1275 IV.
706 1234 892 1276 SCENA
921 1236 972 1275 V.

527 1343 821 1382 CHRYSALUS.

113 1450 299 1489 Insanum
317 1462 503 1502 magnum
522 1449 659 1488 molior
677 1448 901 1499 negotium;

112 1504 326 1555 Metuoque
344 1512 388 1542 ut
405 1504 518 1542 hodie
535 1503 697 1554 possiem
718 1502 917 1540 emolirier.

112 1557 188 1596 Sed
206 1569 308 1596 nunc
326 1558 538 1596 truculento
556 1556 652 1594 mihi
670 1563 786 1607 atque
803 1568 903 1594 saevo
921 1568 1012 1594 usus
1031 1568 1118 1595 sene
1136 1565 1206 1596 est.

113 1610 220 1648 Nam
238 1623 314 1649 non
334 1611 508 1650 conducit
525 1609 616 1648 huic
635 1608 892 1661 sycophantiae

112 1663 250 1702 Senem
269 1664 519 1716 tranquillum
537 1675 629 1708 esse,
651 1663 719 1701 ubi
736 1675 799 1700 me
816 1662 1040 1714 adspexerit.
1200 1667 1224 1703 5

112 1715 284 1754 Vorsabo
302 1730 372 1767 ego
389 1717 500 1755 illum
516 1716 642 1764 hodie,
663 1717 694 1755 si
712 1715 812 1763 vivo,
831 1717 960 1767 probe.

113 1769 217 1808 Tam
242 1769 395 1808 frictum
423 1783 492 1822 ego
520 1770 632 1808 illum
660 1769 831 1819 reddam,
860 1781 978 1821 quam
1004 1769 1159 1809 frictum
1179 1771 1226 1810 ’st

273 1835 378 1861 cicer.

113 1875 386 1914 Adambulabo
405 1875 452 1913 ad
470 1876 625 1923 ostium,
645 1882 702 1922 ut,
723 1875 876 1927 quando
894 1883 1017 1924 exeat,

116 1929 324 1981 Extemplo
342 1928 557 1968 advenienti
576 1929 610 1968 ei
628 1929 786 1969 tabellas
804 1928 893 1968 dem
911 1929 952 1967 in
970 1942 1142 1969 manum.
