1412 2427
182 41 234 78 92
493 41 792 80 AslNARIA.
821 43 905 80 111.
941 43 974 79 l.

186 144 394 183 Facturum
423 146 510 184 satis
535 159 606 197 pro
625 146 775 196 injuria.
825 147 1076 198 Quamquam
1108 159 1178 198 ego
1206 158 1294 185 sum

347 198 571 246 sordidatus,
1242 202 1295 238 90

189 251 309 301 Frugi
328 259 454 289 tamen
475 264 561 289 sum
577 267 590 298 ς
619 265 687 291 nec
705 260 827 304 potest
845 254 1039 306 peculium
1057 253 1281 291 enumerari.

191 306 319 342 Alere.
344 305 530 343 Fortasse.

490 359 611 396 Leon.
640 358 771 397 Etiam
790 371 891 398 nunc
909 360 1016 398 dico:
1048 359 1296 410 Periphanes,

620 412 757 450 Rhodo
774 421 957 451 mercator

191 463 324 509 Dives,
343 465 496 502 absente
514 465 617 511 hero,
638 465 738 502 solus
757 466 852 503 mihi
870 467 1056 503 talentum
1074 465 1217 516 argenti

192 517 271 555 Soli
299 519 575 566 annumeravit,
601 525 638 555 et
661 517 756 555 mihi
778 519 947 566 credidit,
972 530 1096 569 neque
1120 518 1298 569 deceptus

352 583 390 607 m
411 583 464 608 eo.

195 623 326 660 Alere.
356 624 540 662 Fortasse.

493 678 614 715 Leon.
642 677 772 728 Atque
790 677 904 716 etiam
923 685 965 715 tu
985 689 1136 729 quoque
1153 678 1247 729 ipse,
1268 678 1300 715 si

618 743 715 768 esses
732 738 972 781 percontatus
1247 733 1299 770 95

194 782 265 819 Me
283 795 331 820 ex
350 783 448 830 aliis,
468 783 558 832 scio,
578 785 678 834 (pol)
699 785 863 822 crederes
881 796 982 822 nunc
1002 783 1106 835 quod
1123 784 1212 822 fers.

804 838 932 874 Merc-
962 837 1083 875 Haud
1101 837 1305 889 negassim.

447 993 634 1032 ACTUS
662 994 745 1031 ΙΙΙ.
801 993 986 1032 SCENA
1015 992 1051 1031 Ι.

438 1099 716 1138 CLEAERETA.
772 1099 1066 1138 Pmmzmum.

199 1208 331 1245 Clcoer.
357 1206 398 1244 N
400 1205 557 1258 equeon'
575 1219 644 1257 ego
654 1213 691 1244 te
708 1206 914 1245 interdictis
932 1206 1053 1246 facere
1070 1213 1308 1245 mansuetam

355 1262 450 1298 meis
465 1262 482 1298 9

196 1315 261 1351 An
289 1313 342 1350 ita
364 1320 406 1350 tu
431 1326 469 1351 es
491 1312 673 1360 animata,
695 1320 740 1350 ut
763 1313 830 1364 qui
852 1327 987 1365 expers
1011 1312 1143 1352 matris
1168 1312 1307 1364 imperi

357 1366 428 1404 sies
443 1369 460 1404 ,9

200 1421 354 1458 Pla-ileu.
378 1419 464 1479 ‚Uubi
480 1419 583 1470 piem
609 1419 812 1465 Pietatem,
839 1420 870 1457 si
895 1420 967 1458 isto
990 1431 1095 1457 more
1120 1426 1308 1457 moratam

360 1480 388 1509 tl

201 1474 575 1575 Postulembsslacera
595 1533 731 1572 mater,
751 1525 847 1562 mihi
866 1537 943 1576 quo
962 1533 1073 1575 pacto
1090 1525 1262 1577 praecipis
1276 1529 1294 1565 ,9

203 1579 337 1617 Cleaer.
364 1578 434 1615 An
451 1578 627 1616 decorum
641 1579 689 1616 ’st
705 1578 894 1616 advorsari
911 1579 1006 1616 meis
1025 1587 1062 1617 te
1078 1579 1276 1630 praeceptis
1289 1581 1308 1618 ,9

858 1633 1015 1669 Plzilen.
1043 1632 1151 1680 Quid
1169 1634 1254 1670 est?
1283 1635 1308 1670 5

203 1686 341 1723 Cleaer.
363 1684 533 1745 Hooccine
545 1692 603 1760 ξεῖ
620 1685 798 1736 pietatem
810 1685 942 1732 colere,
957 1687 1090 1724 matris
1102 1685 1309 1737 imperium

358 1750 529 1775 mmuere
547 1765 556 1774 .

202 1792 357 1830 Philcn.
396 1792 435 1829 N
439 1804 547 1841 eque,
577 1799 787 1842 quaevrecte
811 1791 971 1840 faciunt,
999 1793 1138 1845 culp03
1175 1805 1312 1845 neque,

361 1858 448 1895 quae
467 1844 707 1895 delinquunt,
727 1858 828 1883 amo.

206 1899 338 1937 Cleaer.
366 1897 466 1936 Satis
483 1897 653 1936 dicacula
672 1911 710 1936 es
730 1899 907 1936 amatrix.

569 1952 722 1989 Philen.
752 1952 896 1999 Mater,
918 1952 951 1990 is
969 1951 1169 2003 quaestu'st
1185 1952 1282 1990 mihi
1296 1967 1308 1990 ε

205 2005 359 2054 Lingua
372 2003 504 2055 poscit,
520 2017 655 2056 corpus
667 2005 815 2056 quaerit,
828 2006 979 2044 animus
992 2013 1088 2053 orat,
1100 2018 1158 2043 res
1169 2012 1312 2043 monet.

205 2060 344 2096 Cleoer.
371 2058 458 2108 Ego
470 2064 506 2096 te
519 2058 623 2096 volui
635 2058 814 2110 castigare
827 2072 840 2105 ;
861 2066 903 2097 tu
917 2061 973 2098 mi
988 2058 1197 2097 accusatrix
1212 2058 1312 2098 ades.
