1412 2427
288 37 365 73 292
654 37 877 76 cAslNA.
907 39 968 77 11.
997 42 1035 78 8.

522 195 706 236 ACTUS
734 198 793 236 II.
849 197 1029 237 SCENA
1051 199 1175 237 VIII.

431 303 670 342 ΟιΥΜΡιο.
715 305 940 343 STALINO.
987 305 1241 343 emmaus.

291 412 418 460 Olym.
448 411 539 472 Sine
564 411 679 450 modo
706 424 772 449 rus
797 412 924 450 veniat
936 427 948 460 ;
979 424 1050 462 ego
1077 411 1268 450 remittam
1287 411 1336 450 ad
1364 420 1403 450 te

443 477 570 503 virum

285 516 390 556 Cum
409 517 516 556 furca
533 518 573 556 in
592 520 741 566 urbem,
762 526 958 570 tamquam
979 519 1253 558 carbonarium.

288 572 385 609 Stat.
417 571 479 609 Ita
490 571 571 609 fieri
589 580 748 622 oportet.

689 627 819 675 Olym.
850 626 1011 664 Factum
1031 631 1068 662 et
1086 633 1260 663 curatum
1278 625 1393 665 dabo.

287 678 386 716 Stal.
416 677 536 716 Volui
554 677 776 727 Chalinum,
797 679 830 717 si
847 679 951 717 domi
970 685 1079 725 esset,
1099 678 1248 717 mittere

284 731 432 769 Tecum
451 739 692 782 opsonatum,
713 740 756 770 ut
775 733 888 770 etiam
907 733 946 770 in
966 743 1124 771 moerore
1141 730 1295 783 insuper
1372 734 1399 769 5

287 784 448 822 Inimico
467 793 593 822 nostro
608 785 800 823 miseriam
816 786 914 824 hanc
932 786 1191 835 adjungerem.

286 838 383 876 Cha.
413 837 606 876 Recessim
633 838 764 883 cedam
793 839 840 877 ad
869 839 1077 889 parietem5
1124 837 1302 878 imitabor
1328 851 1398 877 ne-

471 904 548 929 am.

285 905 540 995 Captand‘u'st
556 944 694 982 horum
713 944 928 983 clanculum
949 957 1071 983 sermo
1088 944 1209 982 mihiz

284 999 389 1036 Nam
410 997 564 1034 illorum
583 1010 646 1035 me
664 997 758 1035 alter
776 999 930 1045 cruciat,
950 999 1044 1037 alter
1061 1005 1237 1037 macerat.

283 1052 343 1089 At
361 1050 583 1089 candidatus
601 1051 699 1089 cedit
716 1051 778 1089 hic
795 1051 985 1103 mastigia,
1152 1090 1156 1096 ,
1343 1053 1392 1091 10

282 1103 537 1143 δήηωΙοωηι
556 1104 683 1142 loculi.
726 1105 896 1143 Protollo
914 1112 1075 1143 mortem
1094 1104 1190 1143 mihi
1203 1119 1215 1142 ε

282 1158 440 1196 Certum
454 1157 515 1203 'st,
534 1157 637 1195 hunc
655 1157 919 1196 Acheruntem
937 1157 1167 1210 praemittam
1185 1158 1302 1209 prius.

287 1213 416 1260 Olym.
447 1211 505 1248 Ut
526 1211 596 1248 tibi
621 1223 691 1261 ego
715 1210 891 1249 inventus
913 1224 1000 1250 sum
1027 1212 1261 1263 obsequens!
1293 1214 1397 1264 quod

438 1277 622 1302 maxume

287 1318 493 1369 CupiebaS,
515 1319 599 1366 ejus
618 1318 764 1369 copiam
781 1317 853 1356 feci
872 1317 953 1356 tibi.

277 1372 364 1409 Erit
382 1370 493 1409 hodie
509 1378 650 1419 tecum,
670 1371 773 1422 quod
792 1384 911 1419 amas,
932 1371 1031 1410 clam
1050 1384 1223 1411 uxorem.

1064 1427 1162 1464 Stat.
1193 1426 1310 1465 Tace.
1341 1428 1390 1466 15

280 1479 343 1516 Ita
361 1491 424 1515 me
443 1478 511 1516 Dii
529 1480 625 1516 bene
643 1484 786 1524 ament,
806 1485 849 1515 ut
870 1491 940 1528 ego
958 1478 1023 1516 νὺ(
1041 1479 1206 1530 reprimo
1223 1479 1343 1530 labra,

276 1532 342 1570 Ob
360 1532 472 1569 istam
492 1544 571 1570 rem
590 1531 683 1582 quin
703 1540 740 1568 te
757 1531 962 1578 deosculer,
983 1531 1158 1582 voluptas
1175 1533 1283 1570 mea!

278 1586 375 1623 Cha.
398 1584 521 1633 Quid,
535 1587 564 1607 “
579 1584 772 1622 deosculer
779 1584 826 1621 '3⁹'
845 1597 931 1635 quae
941 1596 1000 1622 res
1012 1587 1093 1624 est?
1114 1586 1289 1636 voluptas
1299 1600 1391 1638 quae

434 1645 501 1675 tua
514 1640 532 1676 ?

279 1692 410 1741 Olym.
438 1689 592 1741 Ecquid
610 1703 716 1728 amas
735 1703 838 1729 nunc
856 1703 918 1729 me
931 1693 949 1729 ,⁹

472 1745 572 1782 Stat.
599 1743 729 1782 Immo
747 1744 921 1796 (edepol)
939 1757 1016 1791 me,
1036 1758 1154 1796 quam
1173 1753 1223 1795 te,
1244 1747 1386 1787 minus.

273 1797 430 1836 Licetne
447 1797 626 1848 amplecti
645 1797 708 1834 te?

650 1852 746 1890 Cha.
775 1849 898 1900 Quid,
919 1853 948 1874 “
965 1851 1144 1902 amplecti
1157 1853 1204 1891 ?”

1017 1906 1148 1955 Olym.
1176 1906 1299 1945 Licet.
1330 1909 1383 1948 2⁰

272 1959 369 1996 Stat.
400 1958 470 2004 Ut,
491 1959 582 2009 quia
600 1966 636 1996 te
656 1966 783 2009 tango,
803 1959 879 1996 mel
899 1959 954 1996 mi
973 1958 1101 1997 videor
1117 1959 1283 2010 lingere!

271 2013 368 2051 Cha.
395 2012 571 2050 Effodere
592 2011 763 2063 (hercle)
778 2012 840 2050 hie
859 2013 950 2060 volt,
982 2011 1107 2060 credo,
1128 2013 1290 2051 vesicam
1311 2014 1384 2051 vil.

430 2065 515 2103 lico.

271 2120 384 2168 Olym
426 2120 538 2158 Ultro
559 2127 607 2165 te,
629 2127 787 2167 amator,
809 2133 928 2170 apage
947 2127 982 2158 te
1002 2132 1024 2158 a
1042 2119 1151 2158 dorso
1170 2132 1270 2160 meu.
