1412 2427
175 67 250 105 264
495 64 824 105 CAPTEIVEI.
852 64 926 102 IV.
955 65 990 100 4.

414 218 600 259 ACTUS
630 219 706 257 IV.
760 218 945 258 SCENA
976 217 1059 256 111.

598 327 875 365 ERGAsnms.

184 432 270 471 Illic
304 432 393 472 hinc
423 433 538 472 abiit:
583 432 679 471 mihi
714 445 795 470 rem
831 444 1022 470 summam
1055 429 1212 469 credidit
1240 428 1291 466 ci-

338 487 500 525 bariam.

184 538 253 577 Dii
287 539 520 578 immortales
538 541 548 576 2
593 541 675 588 jam
712 547 754 576 ut
785 551 855 589 ego
885 539 998 576 collos
1033 537 1293 588 praetruncabo

342 593 553 643 tergoribus
569 593 578 629 !

186 645 344 693 Quanta
361 645 486 697 pernis
504 646 618 698 pestis
637 645 761 683 veniet
776 645 785 682 !
816 653 959 695 quanta
976 645 1079 682 labes
1100 641 1220 680 larido
1236 642 1244 678 !

184 698 341 745 Quanta
360 699 501 737 sumini
519 698 726 738 absumedo
741 698 750 735 !
784 705 927 749 quanta
944 698 1040 735 callo
1058 695 1252 734 calamitas
1268 695 1277 730 !

184 751 343 798 Quanta
360 752 469 790 laniis
488 752 670 790 lassitudo
685 752 695 788 !
727 758 869 802 quanta
886 749 1103 802 porcinariis
1118 750 1128 786 !
1268 749 1292 783 5

186 805 306 853 Nam,
331 805 362 843 si
384 805 458 842 alia
475 818 697 851 memorem,
718 817 805 856 quae
823 803 871 841 ad
889 804 1027 842 ventris
1044 803 1186 841 victum
1205 811 1292 838 oon-

343 858 501 905 ducunr,
521 871 628 896 mora
647 859 706 895 'st-

185 911 226 948 N
229 923 302 948 unc
321 911 384 949 ibo
402 911 440 948 in
461 911 736 962 praefecturam,
756 918 800 948 ut
815 911 879 959 jus
897 909 1020 947 dicam
1038 907 1169 951 larido,

187 964 255 1012 Et,
275 977 361 1015 quae
379 964 544 1014 pendent
561 963 790 1002 indemnatae
807 975 950 1014 pernae,
969 961 1021 1000 eis
1039 960 1226 999 auxilium
1251 966 1293 996 ut

340 1017 473 1055 feram.

421 1178 607 1217 ACTUS
637 1176 712 1216 IV.
767 1175 950 1215 SCENA
980 1174 1055 1212 IV.

531 1285 661 1323 PUER
689 1283 936 1322 HEG10NIS.

186 1390 377 1443 Diespiter
403 1398 441 1430 te
463 1390 620 1444 Diique,
649 1389 835 1441 Ergasile‚
866 1388 1039 1440 perdant,
1067 1395 1104 1427 et
1124 1394 1292 1427 ventrem

187 1453 626 1558 Parasitdsldlxilg’omneiffi
646 1505 683 1536 et
701 1497 768 1548 qui
786 1495 942 1547 posthac
960 1507 1103 1534 coenam
1121 1494 1294 1546 parasitis

186 1603 325 1644 Clades
343 1552 632 1655 (gaalbalxtnitasque,
662 1602 901 1653 intemperies
927 1601 1041 1640 modo
1058 1602 1099 1639 in
1126 1607 1293 1639 nostram

345 1658 495 1696 advenit
513 1657 686 1695 domum.

184 1710 307 1759 Quasi
330 1712 445 1763 lupus
475 1710 654 1759 esuriens,
689 1709 809 1748 metui
835 1721 883 1748 ne
909 1709 949 1746 in
976 1720 1039 1746 me
1057 1707 1193 1747 faceret
1218 1706 1291 1745 im-

183 1772 577 1870 Nimisqggtufflrde)
598 1830 666 1868 ego
685 1816 796 1856 illum
814 1817 915 1855 male
933 1815 1210 1854 formidabam:
1240 1813 1294 1852 ita

338 1871 534 1917 frendebat
552 1871 738 1910 dentibus.
1262 1868 1287 1904 5

181 1924 402 1963 Adveniens
421 1924 632 1962 deturbavit
650 1933 774 1963 totum
792 1937 880 1963 cum
899 1935 1009 1962 came
1023 1921 1246 1960 carnarium.

181 1978 360 2029 Arripuit
390 1977 587 2039 gladium;
630 1977 897 2030 praetruncavit
930 1977 1051 2015 tribus
1082 1974 1291 2026 tergoribus

181 2084 306 2123 Aulas
324 2031 532 2136 ἐξέξὲε
544 2085 688 2125 omneis
703 2084 898 2136 confregit,
918 2083 992 2123 nisi
1009 2095 1096 2135 quae
1108 2078 1291 2120 modiales

352 2146 470 2176 erant.
