1412 2427
218 27 269 63 88
550 31 848 70 ASINARIA.
877 31 936 69 11.
965 33 1002 69 4.

221 132 397 173 Clamore
413 149 458 174 ac
475 135 669 174 stomacho
682 147 758 174 non
776 149 874 187 queo
890 137 1010 176 labori
1028 137 1277 189 suppeditare.

220 185 382 231 Jussin’,
404 188 567 236 sceleste,
588 191 635 227 ab
651 189 771 238 janua
788 190 859 227 hoc
877 200 1015 228 stercus
1032 190 1122 228 hinc
1139 190 1277 229 auferri
1291 193 1309 228 ?

217 237 247 275 J
249 239 366 276 ussin‘
386 242 571 280 columnis
588 241 698 291 dejici
715 254 843 293 operas
862 256 1084 281 aranearum
1101 246 1118 282 ?
1275 244 1323 282 19

217 291 247 327 J
250 292 365 330 ussin’
385 294 423 331 in
445 295 681 344 splendorem
693 294 774 332 dari
787 296 910 334 bullas
923 296 990 334 has
1002 296 1144 334 foribus
1155 297 1289 335 nostris
1303 299 1321 335 ?

219 344 330 382 Nihil
355 355 433 384 est:
472 357 669 399 tamquam
696 348 728 386 si
745 348 901 388 claudus
930 349 1018 397 sim,
1041 362 1128 388 cum
1157 350 1251 388 fusti
1272 350 1322 388 'st

377 401 666 438 ambulandum.
1268 403 1317 440 21

216 448 333 499 Quia,
356 453 525 491 triduum
550 454 620 492 hoc
644 466 766 492 unum
793 455 921 502 modo,
947 455 1027 493 foro
1051 467 1205 505 operam
1229 455 1321 494 assi-

378 505 495 544 duam
513 506 613 554 dedi,

217 556 326 595 Dum
357 559 540 609 reperiam
572 561 640 611 qui
675 560 847 612 quaeritet
878 568 1078 612 argentum
1107 561 1149 600 in
1183 561 1320 609 foenus,

373 612 437 650 hic
451 625 515 651 vos

214 661 399 704 Dormitis
421 665 561 704 interea
584 666 711 711 domi3
743 674 857 718 atque
879 666 991 706 herus
1018 667 1059 705 in
1081 667 1188 717 hara,
1214 666 1318 706 haud

375 718 530 767 aedibus‚
550 719 708 758 habitat.

216 769 319 807 Hem
339 783 426 822 ergo
444 772 515 810 hoc
533 772 602 810 tibi
620 774 630 811 Ξ

479 827 619 863 Liban.
648 827 814 878 Hospes,
835 835 872 865 te
890 828 1055 876 obsecro,
1075 827 1247 866 defende.

827 882 956 918 Merc.
987 881 1140 928 Saurea,
1160 894 1239 930 oro,
1269 883 1320 918 25

215 927 310 967 Mea
328 931 441 969 causa
459 937 502 968 ut
520 932 659 970 mittas.

535 986 654 1023 Leon.
682 985 769 1023 Eho
787 987 798 1023 2
830 986 957 1038 ecquis
976 1000 1045 1038 pro
1063 987 1216 1025 vectura
1233 987 1323 1026 olivi

216 1037 382 1077 Resolvit
397 1039 414 1075 ?

376 1091 514 1129 Liban.
544 1091 729 1130 Resolvit.

590 1146 707 1184 Leon.
737 1145 841 1193 Quoi
859 1145 992 1184 datum
1013 1147 1060 1184 'st
1076 1149 1093 1185 ,⁹

763 1200 902 1236 Lz‘ban.
931 1199 1073 1247 Sticho,
1092 1200 1228 1238 vioerio
1246 1200 1321 1252 ipsi

218 1252 324 1290 Tuo.

361 1306 478 1343 Leon.
507 1305 621 1343 Vah!
653 1304 816 1344 delenire
833 1319 1005 1357 apparaS.
1050 1306 1137 1345 Scio
1154 1306 1250 1345 mihi
1268 1305 1325 1345 vi-

422 1370 565 1396 canum
584 1371 677 1405 esse,

217 1412 355 1462 Neque
374 1423 417 1448 eo
436 1423 515 1448 esse
533 1423 684 1449 servum
702 1411 743 1448 in
762 1411 906 1450 aedibus
926 1412 1021 1460 heri,
1047 1412 1114 1463 qui
1137 1412 1185 1450 sit
1201 1413 1322 1464 pluris

378 1476 496 1514 quam
514 1463 578 1501 ine
598 1464 656 1502 sit.

215 1518 292 1556 Sed
309 1517 397 1555 vina
414 1529 500 1566 quae
517 1516 597 1553 heri
613 1516 764 1555 vendidi
782 1517 926 1556 vinario
943 1518 1188 1567 Exaeramb0‚
1272 1520 1324 1558 30

217 1571 247 1609 J
249 1582 312 1608 am
330 1582 398 1621 pro
416 1569 461 1607 iis
477 1569 652 1607 satisfecit
670 1569 798 1608 Sticho
815 1573 833 1608 ⁴?

722 1624 860 1661 Liban.
890 1623 1036 1662 Fecisse
1054 1625 1143 1663 satis
1160 1625 1319 1677 opinor:

218 1677 324 1714 Nam
342 1675 420 1714 vidi
438 1676 513 1714 huc
530 1676 656 1727 ipsum
675 1675 859 1715 adducere
883 1678 1103 1728 trapezitam
1123 1678 1325 1718 Exaeram—

375 1731 484 1768 bum.

217 1785 334 1821 Leon.
372 1783 434 1820 Sic
461 1782 608 1820 dedero.
665 1783 777 1820 Prius
805 1796 922 1834 quam
950 1784 1102 1833 credidi,
1132 1785 1198 1824 vix
1224 1799 1324 1825 anno

375 1843 461 1886 post
478 1836 599 1885 exegi.

216 1890 332 1928 Nunc
350 1888 507 1939 satagit:
543 1888 696 1926 adducit
714 1888 874 1928 domum
898 1890 1012 1929 etiam
1036 1891 1152 1940 ultro,
1171 1899 1209 1931 et
1232 1893 1323 1932 scri-

374 1942 431 1980 bit
448 1954 639 1980 nummos.

214 1995 362 2033 Dromo
380 1995 590 2033 mercedem
608 1996 737 2033 retulit
753 1998 770 2033 ?

594 2050 730 2088 Liban.
760 2049 934 2090 Dimidio
952 2050 1080 2090 minus
1099 2050 1247 2103 opinor.
1271 2054 1323 2091 35

216 2103 333 2141 Leon.
362 2101 469 2150 Quid
487 2101 674 2152 reliqiium
691 2104 709 2140 Ρ
