1412 2427
393 48 762 88 AULULARIA.
795 48 873 87 IV.
909 49 941 86 1.
1152 48 1222 86 141

107 154 180 202 Te,
201 154 292 206 quoi
311 155 505 193 decretum
525 155 572 193 ’st
589 155 719 193 bibere
737 168 892 206 aquam.

549 210 650 246 Eue.
670 209 766 252 Scio,
787 221 905 260 quam
923 220 1005 246 rem
1025 216 1136 258 agat:
1168 208 1220 245 38

103 261 161 299 Ut
178 274 242 299 me
261 262 427 313 deponat
445 262 548 309 vino,
570 274 655 300 eam
673 262 823 300 affectat
843 262 943 299 viam
959 276 970 299 z

102 313 208 361 Post,
229 315 314 363 hoc,
334 316 438 367 quod
456 316 593 359 habeo,
613 323 658 352 ut
674 322 884 353 commutet
900 314 1100 353 coloniam.
1171 316 1224 352 40
1255 309 1265 319 '

102 367 190 418 Ego
209 368 248 405 id
267 371 430 408 cavebo:
460 382 550 407 narn
570 369 710 406 alicubi
728 368 951 407 abstrudam
970 368 1075 406 foris.

106 420 194 471 Ego
212 422 316 467 faxo,
338 430 374 460 et
392 436 547 474 operam
566 431 603 461 et
620 422 754 459 vinum
772 421 978 472 perdiderit
995 421 1125 459 simul.

105 475 213 525 Meg.
241 475 343 525 Ego,
370 476 444 514 nisi
462 475 557 528 quid
584 488 649 514 me
667 475 736 523 vis,
757 488 801 514 eo
818 475 1005 522 lavatum,
1024 483 1069 513 ut
1096 488 1223 514 sacru-

264 529 387 567 ficem.

104 585 205 620 Eue.
226 583 391 633 Edepol,
411 596 472 621 nae
489 590 546 630 tu,
566 583 688 627 Aula,
707 583 852 621 multos
869 582 1043 620 inimicos
1060 582 1194 629 habes,

102 637 237 687 Atque
255 637 353 674 istuc
372 650 525 682 aurum,
547 636 650 687 quod
666 637 926 675 concreditum
939 637 986 674 ’st
1005 635 1087 674 tibi.
1169 638 1220 674 45

102 690 221 728 Nunc
235 689 308 727 hoe
326 690 423 728 mihi
440 691 544 728 factu
557 691 605 727 'st
623 698 841 741 optumum,
862 697 899 728 te
919 697 961 728 ut
979 689 1165 738 auferam,

98 743 220 790 Aula,
240 743 281 780 in
301 743 425 781 Fideii
441 744 601 788 fanum3
632 744 687 782 ibi
704 744 925 782 abstrudam
944 745 1073 795 probe.

101 795 228 838 Fides,
248 797 386 835 novisti
403 810 479 843 me,
500 804 537 834 et
555 810 625 847 ego
643 806 703 835 te:
734 810 824 835 cave
842 798 892 835 sis
910 797 994 843 tibi,

102 849 166 888 Ne
185 857 227 888 tu
247 850 288 888 in
309 863 373 889 me
391 851 570 889 mutassis
589 863 743 895 nomen,
763 851 795 888 si
812 851 885 889 hoc
904 850 1126 889 concredito.

99 903 174 942 Ibo
192 903 242 941 ad
261 911 312 951 te,
334 904 454 943 fretus
474 905 556 953 tua,
578 904 707 950 Fides,
725 903 880 943 fiducia.
1168 906 1220 942 50

372 1067 560 1107 ACTL‘S
580 1067 655 1106 IV.
710 1067 895 1107 SCENA
917 1067 951 1105 I.

524 1175 798 1213 STRomLts.

102 1279 189 1319 Hoc
219 1288 274 1319 est
303 1281 401 1319 servi
431 1281 580 1319 facinus
608 1281 724 1332 frugi,
754 1282 877 1320 facere
904 1280 1008 1333 quod
1035 1293 1105 1332 ego
1132 1293 1217 1332 per-

329 1347 420 1372 uor.
411 1348 420 1357 ·

99 1386 142 1424 N
144 1400 184 1425 ec
201 1347 326 1426 moi-321
335 1388 622 1439 moloetiaeque
611 1388 816 1438 lmperium
837 1388 954 1426 herile
971 1387 1111 1426 habeat
1128 1388 1214 1426 sibi.

95 1440 218 1486 Nam,
238 1442 305 1492 qui
322 1442 414 1479 hero
432 1455 480 1479 ex
499 1441 685 1480 sententia
704 1442 840 1479 servire
858 1453 988 1480 servus
1007 1442 1188 1492 postulat,

99 1494 149 1532 In
167 1494 304 1532 herum
322 1505 487 1541 matura,
507 1495 548 1532 in
567 1508 607 1533 se
625 1508 706 1533 sera
724 1485 902 1533 condecet
920 1508 1122 1546 capaesere.

102 1546 170 1585 Sin
187 1548 376 1592 dormitet,
395 1549 449 1587 ita
466 1549 656 1591 dormitet,
676 1561 828 1587 servum
848 1562 926 1587 sese
939 1556 984 1586 ut
998 1549 1160 1599 cogitet:
1192 1551 1217 1585 5

97 1600 218 1649 Nam,
237 1602 306 1653 qui
332 1603 478 1663 amanti
504 1603 595 1640 hero
614 1602 837 1641 servitutem
865 1610 993 1651 servit,
1015 1602 1125 1653 quasi
1144 1615 1215 1653 ego

262 1669 383 1694 servm

102 1708 144 1745 Si
173 1707 311 1747 herum
343 1683 447 1748 videt
478 1721 652 1761 superare
684 1722 869 1757 amorem,
907 1709 979 1747 hoc
1010 1710 1108 1747 servi
1138 1722 1217 1748 ωδε

261 1762 429 1801 officium
446 1776 543 1811 reor,

99 1815 279 1853 Retinere
303 1816 352 1853 ad
379 1817 566 1854 salutem.
597 1829 674 1855 non
699 1829 802 1864 eum,
831 1830 909 1869 quo
934 1817 1145 1865 incumbat,
1174 1830 1217 1855 eo

259 1869 469 1920 impellere.

98 1921 222 1970 Quasi
257 1923 400 1973 pueris,
435 1923 502 1974 qui
538 1936 628 1962 nare
658 1924 823 1973 discunt,
855 1925 1000 1976 scirpea
1037 1890 1212 1962 induitur

260 1976 365 2020 ratis,

99 2029 183 2077 Qui
214 2030 388 2068 laborent
418 2030 561 2076 minus,
588 2032 735 2070 facilius
759 2040 803 2070 ut
834 2040 942 2078 nent,
974 2039 1010 2070 et
1037 2037 1217 2120 moveaffi

260 2095 426 2127 manus;
