1412 2427
396 57 774 99 AMPHITRUO.
805 60 840 98 Ι.
873 61 906 97 1.
1156 62 1204 101 19

412 167 544 204 Diei-c.
562 164 731 216 Vapula-

85 219 165 257 Sos.
189 218 246 258 Ut
263 219 384 266 lubet,
406 219 510 270 quod
527 219 598 257 tibi
616 219 738 266 lubet,
757 219 830 267 fac,
852 220 1034 271 quoniam
1061 222 1202 271 pugnis

189 298 192 300 v
242 272 330 324 plus
349 273 463 311 valoe.
1121 276 1200 312 240

82 327 246 374 verum,
266 335 311 364 ut
327 334 372 364 ut
385 339 425 365 ω
443 326 623 370 facturus
643 325 715 364 hoc
729 326 884 378 quidem
907 326 1078 378 (hercle)
1095 326 1200 366 haud

240 380 403 418 reticebo
421 388 562 418 tamen.

83 436 215 472 Merc.
243 434 310 471 Tu
338 447 401 472 me
429 433 539 472 vivus
568 433 682 472 hodie
713 446 912 485 nunquam
944 433 1073 483 facies,
1106 435 1200 486 quin

84 541 161 579 Sos.
190 500 490 602 Οεῗῐῖᾷᾱερώ)
509 549 552 579 tu
578 554 641 579 me
659 541 842 579 alienabis
868 553 1084 593 nunquam,
1105 542 1199 593 quin

21 641 29 645 -
242 604 368 633 noster
385 608 503 633 s1em:

82 649 167 687 Nec
195 648 320 709 1101115ἶ
350 658 485 700 praeter
512 647 614 696 med,
645 648 743 687 alius
771 649 976 700 quisquam
994 649 1044 687 'st
1070 662 1200 688 servus

82 756 162 801 Qui
191 768 280 795 cum
303 756 589 809 Amphitruone
617 757 708 794 hinc
739 756 818 794 una
846 755 965 794 ieram
990 756 1032 794 in
1056 756 1198 848 exeggi·

240 817 338 847 tum.
1172 812 1197 847 5

79 866 211 903 Merc.
241 863 320 902 Hic
336 862 454 901 homo
472 876 589 902 sanus
607 876 682 902 non
704 872 770 902 est.

252 916 328 955 Sos.
357 916 476 964 Quod
493 917 591 955 mihi
608 917 790 967 praedioes
808 918 960 965 vitium,
980 918 1020 955 id
1038 917 1109 956 tibi
1127 924 1197 956 est.

80 971 202 1020 Quid,
227 971 404 1010 malum!
440 983 518 1010 non
545 983 632 1009 sum
658 984 728 1022 ego
746 985 876 1010 servus
897 971 1196 1023 Amphitruonis

241 1025 351 1064 Sosia
364 1026 382 1063 ?

81 1080 222 1117 Nonne
239 1078 311 1116 hac
328 1085 443 1116 noctu
461 1086 590 1116 nostra
607 1079 716 1117 navis
733 1079 810 1117 huc
828 1092 875 1117 ex
895 1087 1007 1130 portu
1028 1078 1180 1116 Persico

80 1132 213 1178 Venit,
233 1145 320 1183 quae
337 1144 400 1169 me
416 1131 604 1171 advexit?
633 1145 760 1170 nonne
777 1146 840 1170 me
856 1133 933 1170 huc
951 1132 1066 1170 herus
1091 1132 1197 1170 misit

238 1197 348 1223 meus
362 1187 380 1223 ,⁹

79 1240 221 1278 Nonne
239 1251 310 1289 ego
327 1249 429 1276 nunc
448 1246 506 1276 sto
524 1248 611 1277 ante
630 1238 743 1277 aedeis
760 1246 907 1277 nostras
921 1241 939 1277 ?
967 1251 1045 1276 non
1063 1239 1119 1276 mi
1140 1245 1196 1276 oet

237 1292 383 1330 laterna
401 1291 442 1329 in
459 1304 577 1329 manu
594 1295 611 1330 ἓ
1114 1293 1194 1330 250

79 1348 172 1386 Non
200 1346 366 1397 loquor?
394 1356 472 1383 non
492 1346 608 1395 vigilo
621 1348 639 1381 Ρ
667 1358 745 1384 non
771 1345 834 1384 hic
859 1346 975 1384 homo
992 1345 1108 1384 modo
1131 1358 1196 1384 me

235 1398 377 1451 pugnis
393 1399 564 1437 contudit
579 1401 596 1436 ?

76 1455 197 1502 Fecit,
230 1452 378 1491 hercle:
413 1464 505 1490 nam
542 1452 658 1490 etiam
687 1453 824 1490 misero
854 1465 958 1492 nunc
984 1454 1097 1492 malae
1124 1454 1193 1492 do-

233 1506 326 1544 lent„

74 1561 184 1611 Quid
217 1561 336 1612 igitur
364 1573 433 1611 ego
455 1559 621 1598 dubito?
662 1568 730 1598 aut
761 1573 828 1598 cur
857 1572 935 1599 non
972 1560 1119 1599 introiio
1150 1561 1191 1600 in

234 1622 402 1652 nostram
422 1613 584 1652 domum
596 1614 614 1650 ⁰?

76 1672 209 1709 Merc.
242 1668 364 1717 Quid,
383 1668 543 1706 domum
564 1676 729 1706 vostram
744 1670 762 1706 ἶ)

423 1721 501 1760 Sos.
530 1721 592 1759 Ita
610 1722 815 1760 enimvero.

505 1777 637 1813 Merc.
662 1775 785 1823 Quin,
805 1789 893 1827 quae
910 1775 1042 1814 dixisti
1059 1776 1189 1825 modo,

76 1832 223 1872 Omnia
249 1827 482 1869 ementitu's.
535 1829 732 1881 Equidem
759 1829 869 1869 Sosia
892 1830 1192 1881 Amphitmonis

75 1941 180 1980 Nam
226 1897 340 1998 guegn-
377 1936 449 1975 hac
485 1937 609 1975 soluta
628 1940 678 1975 ’st
713 1938 821 1976 navis
856 1945 986 1976 nostra
1020 1950 1042 1975 e
1077 1885 1190 1988 Ρέτῗί

73 2050 142 2096 Et,
176 1993 270 2086 ubiP
272 2003 425 2083 {gorga
457 2057 523 2082 rex
559 2045 745 2096 regnavit⁷
774 2044 961 2098 oppidum
991 2056 1189 2096 expugna-

234 2099 359 2137 vimus
374 2113 383 2135 :

74 2157 128 2196 Et
146 2154 313 2206 legion&
332 2153 588 2192 Teleboarum
607 2153 644 2190 vi
662 2152 870 2204 pugnando
889 2154 1070 2205 cepimus.
