1412 2427
433 58 772 98 BACCHIDES.
801 61 851 98 V.
881 63 919 98 2.
1162 59 1240 97 219

710 167 808 203 Bac.
828 169 866 204 I.
892 169 1030 204 Senem
1048 165 1160 204 illum
1189 168 1242 204 30

128 219 222 259 Tibi
240 219 337 258 dedo
355 219 585 267 ulteriorem,
604 218 729 270 lepide
746 226 791 257 ut
808 219 971 257 lenitum
989 219 1124 258 reddas
1139 233 1152 265 ;
1173 232 1243 270 ego

288 273 337 311 ad
353 273 457 311 hunc

129 326 278 364 Iratum
297 326 505 377 aggrediar.
562 325 774 365 Possumus
801 338 869 364 nos
890 325 959 363 hos
983 325 1083 364 intro
1105 326 1244 365 illicere

288 379 364 419 huc
378 383 395 419 Ρ

395 436 494 472 Bac.
514 435 580 471 II.
599 433 740 471 Meum

132 486 302 525 Pensum
322 499 391 537 ego
403 487 528 538 lepide
542 488 740 535 accurabo,
755 499 993 538 quamquam
1007 486 1181 526 odiosum
1198 485 1244 525 ’st

290 548 452 578 mortem
471 540 694 591 amplexari.

130 595 230 631 Bac.
249 596 287 632 I.
307 594 440 633 Facito
458 601 503 631 ut
522 602 656 632 taceas.

451 649 550 686 Bac.
569 650 635 685 II.
660 647 725 685 Tu
744 654 858 685 tuum
875 647 1014 693 facito3
1036 661 1121 699 ego,
1141 648 1245 699 quod

578 701 674 749 dixi,
694 701 798 738 haud
815 703 984 740 mutabo.

132 755 231 792 Nic.
259 754 362 799 Quid
389 754 486 793 illaec
507 753 584 792 illic
603 755 643 792 in
662 754 816 793 oonsilio
834 754 922 794 duae
939 763 1079 794 secreto
1096 755 1247 794 consul-

292 808 399 846 tant?

134 861 243 899 Phil.
264 862 373 910 Quid
390 861 446 899 ais
464 868 522 907 tu,
542 861 686 900 homo?

326 917 425 953 Nic.
447 915 556 963 Quid
573 928 636 953 me
656 915 739 954 vis?

120 1004 123 1005 γ
413 970 523 1007 ΡΙιὶῐ.
544 968 669 1007 Pudet
684 969 804 1008 dicere
818 981 881 1008 me
894 969 965 1008 tibi
979 969 1177 1021 quiddam.
1195 969 1248 1007 36

131 1023 231 1060 Nic.
248 1021 358 1070 Quid
376 1029 444 1070 aet,
465 1022 569 1073 quod
586 1023 727 1073 pudeat
742 1024 759 1060 ?

430 1077 541 1114 Phil.
561 1076 605 1114 St
622 1076 633 1113 2
664 1076 785 1114 amico
801 1075 948 1114 homini
966 1075 1037 1114 tibi
1052 1076 1148 1127 quid
1165 1077 1251 1115 volo

569 1129 744 1168 credere:
774 1138 918 1168 certum
938 1130 999 1177 ’st‚

136 1182 263 1221 Nihili
283 1195 382 1221 sum.

300 1237 355 1274 N
356 1238 402 1274 ic.
425 1236 531 1274 Istuc
546 1236 777 1288 jampridem
796 1236 871 1275 scio
885 1251 897 1274 ε
927 1236 1008 1285 sed,
1027 1236 1122 1288 quid
1141 1236 1252 1274 nihili

403 1302 469 1337 Sis,
488 1302 671 1328 memora.

139 1344 249 1382 Phil.
282 1342 428 1381 Tactus
459 1356 546 1381 sum
569 1343 810 1383 vehementer
839 1344 940 1383 visco
952 1358 964 1382 ι
1003 1357 1067 1383 cor
1097 1343 1253 1382 stimulo

298 1396 453 1435 foditur.

479 1452 533 1488 N
534 1453 579 1487 i-c.
597 1450 683 1498 Pol,
703 1450 773 1489 tibi

140 1503 273 1543 Multo
291 1503 439 1556 aequius
458 1512 513 1542 est
531 1504 790 1542 coxendicem.
1202 1505 1254 1542 40

141 1557 218 1597 Sed
236 1557 332 1609 quid
349 1558 446 1596 istuc
459 1558 542 1596 est?
571 1558 639 1596 etsi
654 1559 737 1608 jam
751 1571 820 1609 ego
833 1558 929 1610 ipse,
945 1558 1039 1609 quid
1056 1558 1119 1606 sit,
1139 1570 1256 1609 prope

303 1612 395 1650 scire
412 1619 506 1662 puto
524 1625 613 1656 me;

142 1665 292 1704 Verum
310 1665 441 1703 audire
459 1665 574 1703 etiam
593 1678 641 1703 ex
659 1673 696 1703 te
715 1665 859 1704 studeo.

428 1719 539 1757 Phil.
557 1718 713 1757 Vide’n'
731 1718 857 1756 hanc?

570 1774 624 1810 N
625 1774 670 1810 ic.
688 1772 826 1810 Video.

665 1827 773 1863 Phil.
794 1826 914 1864 Haud
928 1825 1030 1863 mala
1043 1832 1098 1864 est
1108 1825 1258 1864 mulier.

145 1882 198 1918 N
199 1882 244 1918 ic.
267 1878 353 1926 Pol,
369 1889 457 1916 vero
474 1878 547 1917 ista
562 1879 679 1926 mala,
700 1887 736 1917 et
755 1886 798 1917 tu
815 1879 938 1918 nihili.

361 1932 471 1970 Phil.
492 1932 600 1980 Quid
618 1932 766 1971 multa?
797 1945 867 1983 ego
886 1944 986 1971 amo-

808 1988 862 2024 N
862 1989 907 2024 ic.
927 1987 995 2024 An
1013 1986 1146 2024 amas?

998 2041 1107 2077 Phil.
1129 2040 1263 2077 Necas.

151 2096 249 2132 Nic.
280 2091 404 2183 Tunt’1⁹
437 2091 553 2156 ljouio
581 2092 726 2144 putide,
756 2101 903 2131 amator
925 2093 1019 2132 istac
1047 2092 1128 2130 fieri
1159 2100 1267 2130 aetate

315 2159 364 2184 au
394 2158 433 2184 ὦ
447 2155 463 2183 τ
