<?xml version="1.0" encoding="UTF-8"?>
<!DOCTYPE html PUBLIC "-//W3C//DTD XHTML 1.0 Transitional//EN"
    "http://www.w3.org/TR/xhtml1/DTD/xhtml1-transitional.dtd">
<html xmlns="http://www.w3.org/1999/xhtml" xml:lang="en" lang="en">
 <head>
  <title>
</title>
<meta http-equiv="Content-Type" content="text/html;charset=utf-8" />
  <meta name='ocr-system' content='tesseract 3.04.00' />
  <meta name='ocr-capabilities' content='ocr_page ocr_carea ocr_par ocr_line ocrx_word'/>
</head>
<body>
  <div class='ocr_page' id='page_1' title='image "./comoediaesupers01plauuoft_0301.png"; bbox 0 0 1412 2427; ppageno 0'>
   <div class='ocr_carea' id='block_1_1' title="bbox 455 33 1205 76">
    <p class='ocr_par' dir='ltr' id='par_1_1' title="bbox 455 33 1205 76">
     <span class='ocr_line' id='line_1_1' title="bbox 455 33 1205 76; baseline 0.003 -4"><span class='ocrx_word' id='word_1_1' title='bbox 455 33 580 73; x_wconf 78' lang='lat' dir='ltr'>c-ASI</span> <span class='ocrx_word' id='word_1_2' title='bbox 587 35 626 73; x_wconf 80' lang='lat' dir='ltr'>N</span> <span class='ocrx_word' id='word_1_3' title='bbox 628 35 682 73; x_wconf 84' lang='lat' dir='ltr'>A.</span> <span class='ocrx_word' id='word_1_4' title='bbox 713 34 771 73; x_wconf 90' lang='lat'>11.</span> <span class='ocrx_word' id='word_1_5' title='bbox 803 35 841 71; x_wconf 88' lang='grc'>8.</span> <span class='ocrx_word' id='word_1_6' title='bbox 1127 37 1205 76; x_wconf 82' lang='grc'>293</span> 
     </span>
    </p>
   </div>
   <div class='ocr_carea' id='block_1_2' title="bbox 69 140 1195 2210">
    <p class='ocr_par' dir='ltr' id='par_1_2' title="bbox 69 140 1195 2210">
     <span class='ocr_line' id='line_1_2' title="bbox 84 140 1194 192; baseline 0.003 -13"><span class='ocrx_word' id='word_1_7' title='bbox 84 141 179 179; x_wconf 75' lang='lat' dir='ltr'>clm.</span> <span class='ocrx_word' id='word_1_8' title='bbox 237 140 378 186; x_wconf 79' lang='lat' dir='ltr'>Hodie,</span> <span class='ocrx_word' id='word_1_9' title='bbox 410 140 583 190; x_wconf 84' lang='lat' dir='ltr'><strong>(hercle)</strong></span> <span class='ocrx_word' id='word_1_10' title='bbox 615 142 764 192; x_wconf 87' lang='lat' dir='ltr'>opinor,</span> <span class='ocrx_word' id='word_1_11' title='bbox 797 141 882 179; x_wconf 83' lang='lat' dir='ltr'>hice</span> <span class='ocrx_word' id='word_1_12' title='bbox 914 143 1194 182; x_wconf 82' lang='lat' dir='ltr'>conturbabunt</span> 
     </span>
     <span class='ocr_line' id='line_1_3' title="bbox 239 193 378 244; baseline 0.007 -14"><span class='ocrx_word' id='word_1_13' title='bbox 239 193 353 244; x_wconf 68' lang='lat' dir='ltr'>pedes</span> <span class='ocrx_word' id='word_1_14' title='bbox 368 208 378 231; x_wconf 74' lang='grc' dir='ltr'><strong>ε</strong></span> 
     </span>
     <span class='ocr_line' id='line_1_4' title="bbox 76 246 1187 288; baseline 0.003 -3"><span class='ocrx_word' id='word_1_15' title='bbox 76 247 179 285; x_wconf 87' lang='lat' dir='ltr'>Solet</span> <span class='ocrx_word' id='word_1_16' title='bbox 197 246 259 284; x_wconf 89' lang='lat' dir='ltr'>hic</span> <span class='ocrx_word' id='word_1_17' title='bbox 276 248 451 285; x_wconf 85' lang='lat' dir='ltr'>barbatos</span> <span class='ocrx_word' id='word_1_18' title='bbox 469 259 558 286; x_wconf 82' lang='lat' dir='ltr'>sane</span> <span class='ocrx_word' id='word_1_19' title='bbox 576 247 708 286; x_wconf 80' lang='lat' dir='ltr'>sectari</span> <span class='ocrx_word' id='word_1_20' title='bbox 726 259 853 286; x_wconf 77' lang='lat' dir='ltr'>senex,</span> <span class='ocrx_word' id='word_1_21' title='bbox 1135 251 1187 288; x_wconf 83' lang='lat'>25</span> 
     </span>
     <span class='ocr_line' id='line_1_5' title="bbox 75 300 1102 352; baseline 0.004 -15"><span class='ocrx_word' id='word_1_22' title='bbox 75 300 178 338; x_wconf 84' lang='lat' dir='ltr'>Illuc</span> <span class='ocrx_word' id='word_1_23' title='bbox 196 308 264 347; x_wconf 77' lang='lat' dir='ltr'>est,</span> <span class='ocrx_word' id='word_1_24' title='bbox 283 300 389 347; x_wconf 86' lang='lat' dir='ltr'>illuc,</span> <span class='ocrx_word' id='word_1_25' title='bbox 409 301 513 352; x_wconf 89' lang='lat' dir='ltr'>quod</span> <span class='ocrx_word' id='word_1_26' title='bbox 531 301 593 339; x_wconf 87' lang='lat' dir='ltr'>hic</span> <span class='ocrx_word' id='word_1_27' title='bbox 611 301 715 339; x_wconf 85' lang='lat' dir='ltr'>hunc</span> <span class='ocrx_word' id='word_1_28' title='bbox 732 301 821 340; x_wconf 84' lang='lat' dir='ltr'>fecit</span> <span class='ocrx_word' id='word_1_29' title='bbox 838 301 1034 340; x_wconf 77' lang='lat' dir='ltr'>villicum:</span> <span class='ocrx_word' id='word_1_30' title='bbox 1065 312 1102 342; x_wconf 82' lang='lat' dir='ltr'>et</span> 
     </span>
     <span class='ocr_line' id='line_1_6' title="bbox 74 353 1059 406; baseline 0.002 -15"><span class='ocrx_word' id='word_1_31' title='bbox 74 354 185 391; x_wconf 82' lang='lat' dir='ltr'>Idem</span> <span class='ocrx_word' id='word_1_32' title='bbox 204 366 267 392; x_wconf 86' lang='lat' dir='ltr'>me</span> <span class='ocrx_word' id='word_1_33' title='bbox 283 353 445 404; x_wconf 79' lang='lat' dir='ltr'><strong>pridem,</strong></span> <span class='ocrx_word' id='word_1_34' title='bbox 461 367 579 406; x_wconf 91' lang='lat' dir='ltr'>quom</span> <span class='ocrx_word' id='word_1_35' title='bbox 594 354 628 392; x_wconf 87' lang='lat' dir='ltr'>ei</span> <span class='ocrx_word' id='word_1_36' title='bbox 645 354 850 393; x_wconf 81' lang='lat' dir='ltr'>advorsum</span> <span class='ocrx_word' id='word_1_37' title='bbox 868 367 1059 405; x_wconf 85' lang='lat' dir='ltr'>veneram,</span> 
     </span>
     <span class='ocr_line' id='line_1_7' title="bbox 73 406 856 456; baseline 0.001 -11"><span class='ocrx_word' id='word_1_38' title='bbox 73 406 214 445; x_wconf 84' lang='lat' dir='ltr'>Facere</span> <span class='ocrx_word' id='word_1_39' title='bbox 230 407 432 445; x_wconf 81' lang='lat' dir='ltr'><strong>atriensem</strong></span> <span class='ocrx_word' id='word_1_40' title='bbox 450 408 619 446; x_wconf 85' lang='lat' dir='ltr'>voluerat</span> <span class='ocrx_word' id='word_1_41' title='bbox 638 410 710 446; x_wconf 92' lang='lat' dir='ltr'>sub</span> <span class='ocrx_word' id='word_1_42' title='bbox 723 408 856 456; x_wconf 63' lang='lat' dir='ltr'>janua.</span> 
     </span>
     <span class='ocr_line' id='line_1_8' title="bbox 76 461 1140 513; baseline 0.003 -15"><span class='ocrx_word' id='word_1_43' title='bbox 76 462 205 510; x_wconf 74' lang='lat' dir='ltr'><strong><em>Olym.</em></strong></span> <span class='ocrx_word' id='word_1_44' title='bbox 236 461 293 499; x_wconf 88' lang='lat' dir='ltr'>Ut</span> <span class='ocrx_word' id='word_1_45' title='bbox 310 461 380 498; x_wconf 83' lang='lat' dir='ltr'>tibi</span> <span class='ocrx_word' id='word_1_46' title='bbox 398 461 607 512; x_wconf 84' lang='lat' dir='ltr'>morigerus</span> <span class='ocrx_word' id='word_1_47' title='bbox 623 461 760 499; x_wconf 77' lang='lat' dir='ltr'>hodie!</span> <span class='ocrx_word' id='word_1_48' title='bbox 791 469 836 499; x_wconf 84' lang='lat' dir='ltr'>ut</span> <span class='ocrx_word' id='word_1_49' title='bbox 854 462 1042 513; x_wconf 81' lang='lat' dir='ltr'>voluptati</span> <span class='ocrx_word' id='word_1_50' title='bbox 1058 463 1140 501; x_wconf 84' lang='lat' dir='ltr'>fui!</span> 
     </span>
     <span class='ocr_line' id='line_1_9' title="bbox 73 514 1186 568; baseline 0.003 -16"><span class='ocrx_word' id='word_1_51' title='bbox 73 515 170 552; x_wconf 65' lang='lat' dir='ltr'><em>Sfal.</em></span> <span class='ocrx_word' id='word_1_52' title='bbox 200 515 257 553; x_wconf 83' lang='lat' dir='ltr'>Ut</span> <span class='ocrx_word' id='word_1_53' title='bbox 284 514 367 563; x_wconf 76' lang='lat' dir='ltr'>tibi,</span> <span class='ocrx_word' id='word_1_54' title='bbox 396 514 492 552; x_wconf 90' lang='lat' dir='ltr'>dum</span> <span class='ocrx_word' id='word_1_55' title='bbox 519 515 660 561; x_wconf 80' lang='lat' dir='ltr'>vivam,</span> <span class='ocrx_word' id='word_1_56' title='bbox 689 516 786 553; x_wconf 87' lang='lat' dir='ltr'>bene</span> <span class='ocrx_word' id='word_1_57' title='bbox 812 515 926 553; x_wconf 82' lang='lat' dir='ltr'>velim</span> <span class='ocrx_word' id='word_1_58' title='bbox 953 515 1043 566; x_wconf 88' lang='lat' dir='ltr'>plus</span> <span class='ocrx_word' id='word_1_59' title='bbox 1066 530 1186 568; x_wconf 87' lang='lat' dir='ltr'>quam</span> 
     </span>
     <span class='ocr_line' id='line_1_10' title="bbox 235 567 1183 608; baseline 0.003 -3"><span class='ocrx_word' id='word_1_60' title='bbox 235 567 344 605; x_wconf 84' lang='lat' dir='ltr'>mihi.</span> <span class='ocrx_word' id='word_1_61' title='bbox 1130 571 1183 608; x_wconf 89' lang='grc'>30</span> 
     </span>
     <span class='ocr_line' id='line_1_11' title="bbox 72 620 1017 672; baseline 0.002 -14"><span class='ocrx_word' id='word_1_62' title='bbox 72 621 129 659; x_wconf 93' lang='lat' dir='ltr'>Ut</span> <span class='ocrx_word' id='word_1_63' title='bbox 148 634 218 672; x_wconf 87' lang='lat' dir='ltr'>ego</span> <span class='ocrx_word' id='word_1_64' title='bbox 231 621 344 659; x_wconf 86' lang='lat' dir='ltr'>hodie</span> <span class='ocrx_word' id='word_1_65' title='bbox 362 621 542 660; x_wconf 86' lang='lat' dir='ltr'>Casinam</span> <span class='ocrx_word' id='word_1_66' title='bbox 562 620 829 660; x_wconf 75' lang='lat' dir='ltr'>deosculabor!</span> <span class='ocrx_word' id='word_1_67' title='bbox 858 629 903 660; x_wconf 90' lang='lat' dir='ltr'>ut</span> <span class='ocrx_word' id='word_1_68' title='bbox 921 622 1017 660; x_wconf 89' lang='lat' dir='ltr'>mihi</span> 
     </span>
     <span class='ocr_line' id='line_1_12' title="bbox 73 675 960 723; baseline 0.002 -11"><span class='ocrx_word' id='word_1_69' title='bbox 73 675 186 713; x_wconf 86' lang='lat' dir='ltr'>Bona</span> <span class='ocrx_word' id='word_1_70' title='bbox 203 675 326 713; x_wconf 81' lang='lat' dir='ltr'>multa</span> <span class='ocrx_word' id='word_1_71' title='bbox 344 675 496 723; x_wconf 83' lang='lat' dir='ltr'>faciam,</span> <span class='ocrx_word' id='word_1_72' title='bbox 514 675 613 713; x_wconf 79' lang='lat' dir='ltr'>clam</span> <span class='ocrx_word' id='word_1_73' title='bbox 631 688 758 714; x_wconf 83' lang='lat' dir='ltr'>meam</span> <span class='ocrx_word' id='word_1_74' title='bbox 775 689 935 714; x_wconf 82' lang='lat' dir='ltr'>uxorem</span> <span class='ocrx_word' id='word_1_75' title='bbox 951 677 960 714; x_wconf 90' lang='lat'>!</span> 
     </span>
     <span class='ocr_line' id='line_1_13' title="bbox 914 730 1184 768; baseline 0 0"><span class='ocrx_word' id='word_1_76' title='bbox 914 730 1010 768; x_wconf 73' lang='lat' dir='ltr'><em>Cha.</em></span> <span class='ocrx_word' id='word_1_77' title='bbox 1039 730 1158 768; x_wconf 85' lang='lat' dir='ltr'>Atate</span> <span class='ocrx_word' id='word_1_78' title='bbox 1174 731 1184 767; x_wconf 84' lang='lat'><strong>!</strong></span> 
     </span>
     <span class='ocr_line' id='line_1_14' title="bbox 72 780 1113 833; baseline 0.002 -14"><span class='ocrx_word' id='word_1_79' title='bbox 72 782 114 819; x_wconf 85' lang='lat' dir='ltr'>N</span> <span class='ocrx_word' id='word_1_80' title='bbox 116 794 190 820; x_wconf 91' lang='lat' dir='ltr'>unc</span> <span class='ocrx_word' id='word_1_81' title='bbox 209 780 311 833; x_wconf 89' lang='lat' dir='ltr'>(pol)</span> <span class='ocrx_word' id='word_1_82' title='bbox 330 794 400 832; x_wconf 85' lang='lat' dir='ltr'>ego</span> <span class='ocrx_word' id='word_1_83' title='bbox 418 782 576 820; x_wconf 85' lang='lat' dir='ltr'>demum</span> <span class='ocrx_word' id='word_1_84' title='bbox 594 782 634 819; x_wconf 88' lang='lat' dir='ltr'>in</span> <span class='ocrx_word' id='word_1_85' title='bbox 654 789 794 820; x_wconf 82' lang='lat' dir='ltr'>rectam</span> <span class='ocrx_word' id='word_1_86' title='bbox 812 783 908 820; x_wconf 85' lang='lat' dir='ltr'>redii</span> <span class='ocrx_word' id='word_1_87' title='bbox 925 783 1113 821; x_wconf 80' lang='lat' dir='ltr'>semitam.</span> 
     </span>
     <span class='ocr_line' id='line_1_15' title="bbox 74 835 968 887; baseline 0.001 -14"><span class='ocrx_word' id='word_1_88' title='bbox 74 835 151 874; x_wconf 89' lang='lat' dir='ltr'>Hic</span> <span class='ocrx_word' id='word_1_89' title='bbox 169 836 274 887; x_wconf 85' lang='lat' dir='ltr'>ipsus</span> <span class='ocrx_word' id='word_1_90' title='bbox 293 835 473 873; x_wconf 85' lang='lat' dir='ltr'>Casinam</span> <span class='ocrx_word' id='word_1_91' title='bbox 488 836 645 886; x_wconf 86' lang='lat' dir='ltr'>deperit.</span> <span class='ocrx_word' id='word_1_92' title='bbox 688 836 826 874; x_wconf 82' lang='lat' dir='ltr'>Habeo</span> <span class='ocrx_word' id='word_1_93' title='bbox 844 836 943 875; x_wconf 87' lang='lat' dir='ltr'>viros</span> <span class='ocrx_word' id='word_1_94' title='bbox 958 837 968 874; x_wconf 85' lang='lat'>!</span> 
     </span>
     <span class='ocr_line' id='line_1_16' title="bbox 964 891 1186 930; baseline -0.009 0"><span class='ocrx_word' id='word_1_95' title='bbox 964 892 1064 930; x_wconf 83' lang='lat' dir='ltr'><em>Stal.</em></span> <span class='ocrx_word' id='word_1_96' title='bbox 1090 891 1120 929; x_wconf 85' lang='lat' dir='ltr'><strong>J</strong></span> <span class='ocrx_word' id='word_1_97' title='bbox 1122 903 1186 928; x_wconf 88' lang='lat' dir='ltr'>am</span> 
     </span>
     <span class='ocr_line' id='line_1_17' title="bbox 69 942 1187 994; baseline 0.001 -14"><span class='ocrx_word' id='word_1_98' title='bbox 69 944 86 990; x_wconf 87' lang='lat'>(</span> <span class='ocrx_word' id='word_1_99' title='bbox 102 943 262 986; x_wconf 83' lang='lat' dir='ltr'>Hercle)</span> <span class='ocrx_word' id='word_1_100' title='bbox 280 943 505 994; x_wconf 75' lang='lat' dir='ltr'>amplexari,</span> <span class='ocrx_word' id='word_1_101' title='bbox 522 943 604 990; x_wconf 87' lang='lat' dir='ltr'>jam</span> <span class='ocrx_word' id='word_1_102' title='bbox 623 942 783 980; x_wconf 77' lang='lat' dir='ltr'>osculari</span> <span class='ocrx_word' id='word_1_103' title='bbox 801 942 932 993; x_wconf 63' lang='lat' dir='ltr'>gaetio.</span> <span class='ocrx_word' id='word_1_104' title='bbox 1134 944 1187 981; x_wconf 85' lang='grc'>35</span> 
     </span>
     <span class='ocr_line' id='line_1_18' title="bbox 75 995 1186 1048; baseline 0 -13"><span class='ocrx_word' id='word_1_105' title='bbox 75 997 202 1046; x_wconf 71' lang='lat' dir='ltr'>Olym.</span> <span class='ocrx_word' id='word_1_106' title='bbox 226 997 316 1034; x_wconf 89' lang='lat' dir='ltr'>Sine</span> <span class='ocrx_word' id='word_1_107' title='bbox 333 996 439 1048; x_wconf 85' lang='lat' dir='ltr'>prius</span> <span class='ocrx_word' id='word_1_108' title='bbox 453 995 601 1034; x_wconf 79' lang='lat' dir='ltr'>deduci.</span> <span class='ocrx_word' id='word_1_109' title='bbox 629 996 738 1043; x_wconf 86' lang='lat' dir='ltr'>Quid</span> <span class='ocrx_word' id='word_1_110' title='bbox 748 997 915 1047; x_wconf 85' lang='lat' dir='ltr'>(malum</span> <span class='ocrx_word' id='word_1_111' title='bbox 929 995 963 1034; x_wconf 62' lang='grc' dir='ltr'>Ξ)</span> <span class='ocrx_word' id='word_1_112' title='bbox 977 1008 1155 1048; x_wconf 87' lang='lat' dir='ltr'>properas</span> <span class='ocrx_word' id='word_1_113' title='bbox 1168 999 1186 1035; x_wconf 75' lang='grc' dir='ltr'><strong><em>Ρ</em></strong></span> 
     </span>
     <span class='ocr_line' id='line_1_19' title="bbox 939 1051 1187 1089; baseline 0 -1"><span class='ocrx_word' id='word_1_114' title='bbox 939 1052 1039 1089; x_wconf 75' lang='lat' dir='ltr'><em>Stat.</em></span> <span class='ocrx_word' id='word_1_115' title='bbox 1067 1051 1187 1088; x_wconf 81' lang='lat' dir='ltr'>Amo.</span> 
     </span>
     <span class='ocr_line' id='line_1_20' title="bbox 77 1102 996 1154; baseline 0.001 -13"><span class='ocrx_word' id='word_1_116' title='bbox 77 1104 206 1153; x_wconf 68' lang='lat' dir='ltr'><em>Olym.</em></span> <span class='ocrx_word' id='word_1_117' title='bbox 233 1103 293 1141; x_wconf 89' lang='lat' dir='ltr'>At</span> <span class='ocrx_word' id='word_1_118' title='bbox 311 1115 388 1141; x_wconf 88' lang='lat' dir='ltr'>non</span> <span class='ocrx_word' id='word_1_119' title='bbox 406 1102 539 1154; x_wconf 86' lang='lat' dir='ltr'>opinor</span> <span class='ocrx_word' id='word_1_120' title='bbox 557 1103 639 1142; x_wconf 86' lang='lat' dir='ltr'>fieri</span> <span class='ocrx_word' id='word_1_121' title='bbox 655 1103 727 1141; x_wconf 91' lang='lat' dir='ltr'>hoc</span> <span class='ocrx_word' id='word_1_122' title='bbox 744 1115 854 1154; x_wconf 76' lang='lat' dir='ltr'>posse</span> <span class='ocrx_word' id='word_1_123' title='bbox 872 1103 996 1142; x_wconf 89' lang='lat' dir='ltr'>hodie.</span> 
     </span>
     <span class='ocr_line' id='line_1_21' title="bbox 912 1158 1187 1207; baseline 0.007 -12"><span class='ocrx_word' id='word_1_124' title='bbox 912 1159 1012 1195; x_wconf 79' lang='lat' dir='ltr'><em>Stal.</em></span> <span class='ocrx_word' id='word_1_125' title='bbox 1041 1158 1187 1207; x_wconf 71' lang='lat' dir='ltr'>Potest,</span> 
     </span>
     <span class='ocr_line' id='line_1_22' title="bbox 73 1210 972 1261; baseline 0 -12"><span class='ocrx_word' id='word_1_126' title='bbox 73 1210 271 1261; x_wconf 79' lang='lat' dir='ltr'>Siquidem</span> <span class='ocrx_word' id='word_1_127' title='bbox 290 1223 370 1249; x_wconf 85' lang='lat' dir='ltr'>cras</span> <span class='ocrx_word' id='word_1_128' title='bbox 388 1222 516 1248; x_wconf 86' lang='lat' dir='ltr'>censes</span> <span class='ocrx_word' id='word_1_129' title='bbox 534 1222 643 1261; x_wconf 86' lang='lat' dir='ltr'>posse</span> <span class='ocrx_word' id='word_1_130' title='bbox 661 1218 699 1249; x_wconf 88' lang='lat' dir='ltr'>te</span> <span class='ocrx_word' id='word_1_131' title='bbox 721 1210 824 1248; x_wconf 87' lang='lat' dir='ltr'>mitti</span> <span class='ocrx_word' id='word_1_132' title='bbox 840 1223 972 1249; x_wconf 85' lang='lat' dir='ltr'>manu.</span> 
     </span>
     <span class='ocr_line' id='line_1_23' title="bbox 79 1263 1189 1315; baseline 0.002 -14"><span class='ocrx_word' id='word_1_133' title='bbox 79 1265 176 1302; x_wconf 72' lang='lat' dir='ltr'>Cha.</span> <span class='ocrx_word' id='word_1_134' title='bbox 217 1264 426 1302; x_wconf 82' lang='lat' dir='ltr'>Enimvero</span> <span class='ocrx_word' id='word_1_135' title='bbox 452 1263 528 1302; x_wconf 92' lang='lat' dir='ltr'>huc</span> <span class='ocrx_word' id='word_1_136' title='bbox 555 1277 664 1302; x_wconf 84' lang='lat' dir='ltr'>aures</span> <span class='ocrx_word' id='word_1_137' title='bbox 690 1264 815 1315; x_wconf 84' lang='lat' dir='ltr'>magis</span> <span class='ocrx_word' id='word_1_138' title='bbox 846 1271 936 1302; x_wconf 85' lang='lat' dir='ltr'>sunt</span> <span class='ocrx_word' id='word_1_139' title='bbox 963 1264 1189 1303; x_wconf 78' lang='lat' dir='ltr'>adhibendae</span> 
     </span>
     <span class='ocr_line' id='line_1_24' title="bbox 236 1318 347 1355; baseline 0 0"><span class='ocrx_word' id='word_1_140' title='bbox 236 1318 347 1355; x_wconf 90' lang='lat' dir='ltr'>mihi.</span> 
     </span>
     <span class='ocr_line' id='line_1_25' title="bbox 74 1370 1189 1423; baseline 0.002 -15"><span class='ocrx_word' id='word_1_141' title='bbox 74 1371 169 1409; x_wconf 86' lang='lat' dir='ltr'>Jam</span> <span class='ocrx_word' id='word_1_142' title='bbox 189 1383 258 1421; x_wconf 74' lang='lat' dir='ltr'>ego</span> <span class='ocrx_word' id='word_1_143' title='bbox 276 1384 354 1409; x_wconf 89' lang='lat' dir='ltr'>uno</span> <span class='ocrx_word' id='word_1_144' title='bbox 373 1371 414 1408; x_wconf 91' lang='lat' dir='ltr'>in</span> <span class='ocrx_word' id='word_1_145' title='bbox 432 1371 531 1409; x_wconf 88' lang='lat' dir='ltr'>saltu</span> <span class='ocrx_word' id='word_1_146' title='bbox 551 1370 677 1422; x_wconf 84' lang='lat' dir='ltr'>lepide</span> <span class='ocrx_word' id='word_1_147' title='bbox 695 1384 805 1421; x_wconf 87' lang='lat' dir='ltr'>apros</span> <span class='ocrx_word' id='word_1_148' title='bbox 823 1371 970 1423; x_wconf 79' lang='lat' dir='ltr'>capiam</span> <span class='ocrx_word' id='word_1_149' title='bbox 991 1371 1099 1409; x_wconf 83' lang='lat' dir='ltr'>duos.</span> <span class='ocrx_word' id='word_1_150' title='bbox 1136 1372 1189 1410; x_wconf 86' lang='lat'>40</span> 
     </span>
     <span class='ocr_line' id='line_1_26' title="bbox 75 1425 1190 1476; baseline -0.001 -13"><span class='ocrx_word' id='word_1_151' title='bbox 75 1426 174 1463; x_wconf 81' lang='lat' dir='ltr'><em>Stal.</em></span> <span class='ocrx_word' id='word_1_152' title='bbox 212 1425 336 1476; x_wconf 85' lang='lat' dir='ltr'>Apud</span> <span class='ocrx_word' id='word_1_153' title='bbox 371 1425 475 1463; x_wconf 84' lang='lat' dir='ltr'>hunc</span> <span class='ocrx_word' id='word_1_154' title='bbox 512 1425 679 1463; x_wconf 82' lang='lat' dir='ltr'>sodalem</span> <span class='ocrx_word' id='word_1_155' title='bbox 705 1436 838 1462; x_wconf 86' lang='lat' dir='ltr'>meum</span> <span class='ocrx_word' id='word_1_156' title='bbox 866 1432 941 1476; x_wconf 86' lang='lat' dir='ltr'>atq</span> <span class='ocrx_word' id='word_1_157' title='bbox 936 1437 981 1463; x_wconf 79' lang='grc' dir='ltr'>ιε</span> <span class='ocrx_word' id='word_1_158' title='bbox 1004 1425 1190 1473; x_wconf 76' lang='lat' dir='ltr'>vicinum,</span> 
     </span>
     <span class='ocr_line' id='line_1_27' title="bbox 235 1478 333 1516; baseline 0 0"><span class='ocrx_word' id='word_1_159' title='bbox 235 1478 333 1516; x_wconf 88' lang='grc'>1111111</span> 
     </span>
     <span class='ocr_line' id='line_1_28' title="bbox 75 1531 1156 1583; baseline 0 -14"><span class='ocrx_word' id='word_1_160' title='bbox 75 1531 204 1570; x_wconf 85' lang='lat' dir='ltr'>Locus</span> <span class='ocrx_word' id='word_1_161' title='bbox 222 1539 277 1570; x_wconf 65' lang='lat' dir='ltr'>oet</span> <span class='ocrx_word' id='word_1_162' title='bbox 294 1539 460 1583; x_wconf 81' lang='lat' dir='ltr'>paratus.</span> <span class='ocrx_word' id='word_1_163' title='bbox 506 1532 558 1570; x_wconf 91' lang='lat' dir='ltr'>Ei</span> <span class='ocrx_word' id='word_1_164' title='bbox 577 1543 646 1582; x_wconf 85' lang='lat' dir='ltr'>ego</span> <span class='ocrx_word' id='word_1_165' title='bbox 664 1543 832 1569; x_wconf 83' lang='lat' dir='ltr'>amorem</span> <span class='ocrx_word' id='word_1_166' title='bbox 851 1543 1006 1570; x_wconf 85' lang='lat' dir='ltr'>omnem</span> <span class='ocrx_word' id='word_1_167' title='bbox 1023 1543 1156 1570; x_wconf 89' lang='lat' dir='ltr'>meum</span> 
     </span>
     <span class='ocr_line' id='line_1_29' title="bbox 76 1585 929 1624; baseline 0 -1"><span class='ocrx_word' id='word_1_168' title='bbox 76 1585 313 1623; x_wconf 79' lang='lat' dir='ltr'>Concredui·</span> <span class='ocrx_word' id='word_1_169' title='bbox 303 1613 313 1622; x_wconf 93' lang='lat'>.</span> <span class='ocrx_word' id='word_1_170' title='bbox 344 1586 377 1624; x_wconf 90' lang='lat' dir='ltr'>is</span> <span class='ocrx_word' id='word_1_171' title='bbox 394 1586 491 1624; x_wconf 73' lang='lat' dir='ltr'>mihi</span> <span class='ocrx_word' id='word_1_172' title='bbox 509 1599 549 1623; x_wconf 92' lang='lat' dir='ltr'>se</span> <span class='ocrx_word' id='word_1_173' title='bbox 566 1586 694 1623; x_wconf 88' lang='lat' dir='ltr'>locum</span> <span class='ocrx_word' id='word_1_174' title='bbox 713 1585 812 1622; x_wconf 75' lang='lat' dir='ltr'>dixit</span> <span class='ocrx_word' id='word_1_175' title='bbox 830 1585 929 1623; x_wconf 82' lang='lat' dir='ltr'>dare.</span> 
     </span>
     <span class='ocr_line' id='line_1_30' title="bbox 80 1638 809 1689; baseline -0.001 -12"><span class='ocrx_word' id='word_1_176' title='bbox 80 1639 210 1689; x_wconf 76' lang='lat' dir='ltr'><strong><em>Olym.</em></strong></span> <span class='ocrx_word' id='word_1_177' title='bbox 236 1639 344 1687; x_wconf 75' lang='lat' dir='ltr'>Quid</span> <span class='ocrx_word' id='word_1_178' title='bbox 362 1641 445 1689; x_wconf 89' lang='lat' dir='ltr'>ejus</span> <span class='ocrx_word' id='word_1_179' title='bbox 462 1652 583 1677; x_wconf 82' lang='lat' dir='ltr'>uxor.</span> <span class='ocrx_word' id='word_1_180' title='bbox 573 1641 591 1665; x_wconf 75' lang='lat'><strong>⁹</strong></span> <span class='ocrx_word' id='word_1_181' title='bbox 619 1638 688 1676; x_wconf 90' lang='lat' dir='ltr'>ubi</span> <span class='ocrx_word' id='word_1_182' title='bbox 706 1638 809 1677; x_wconf 86' lang='lat' dir='ltr'>erit?</span> 
     </span>
     <span class='ocr_line' id='line_1_31' title="bbox 764 1691 1191 1743; baseline -0.002 -12"><span class='ocrx_word' id='word_1_183' title='bbox 764 1694 864 1731; x_wconf 76' lang='lat' dir='ltr'>Stat.</span> <span class='ocrx_word' id='word_1_184' title='bbox 893 1691 1040 1743; x_wconf 85' lang='lat' dir='ltr'>Lepide</span> <span class='ocrx_word' id='word_1_185' title='bbox 1057 1692 1191 1743; x_wconf 87' lang='lat' dir='ltr'>reperi.</span> 
     </span>
     <span class='ocr_line' id='line_1_32' title="bbox 77 1744 1194 1797; baseline -0.001 -13"><span class='ocrx_word' id='word_1_186' title='bbox 77 1746 173 1784; x_wconf 66' lang='lat' dir='ltr'>Moe</span> <span class='ocrx_word' id='word_1_187' title='bbox 190 1758 288 1783; x_wconf 85' lang='lat' dir='ltr'>uxor</span> <span class='ocrx_word' id='word_1_188' title='bbox 306 1746 455 1784; x_wconf 77' lang='lat' dir='ltr'>vocabit</span> <span class='ocrx_word' id='word_1_189' title='bbox 470 1745 548 1784; x_wconf 74' lang='lat' dir='ltr'>huc</span> <span class='ocrx_word' id='word_1_190' title='bbox 564 1758 650 1784; x_wconf 84' lang='lat' dir='ltr'>eam</span> <span class='ocrx_word' id='word_1_191' title='bbox 669 1744 718 1783; x_wconf 84' lang='lat' dir='ltr'>ad</span> <span class='ocrx_word' id='word_1_192' title='bbox 734 1758 774 1784; x_wconf 89' lang='lat' dir='ltr'>se</span> <span class='ocrx_word' id='word_1_193' title='bbox 791 1747 831 1783; x_wconf 91' lang='lat' dir='ltr'>in</span> <span class='ocrx_word' id='word_1_194' title='bbox 851 1746 1018 1797; x_wconf 81' lang='lat' dir='ltr'>nuptias,</span> <span class='ocrx_word' id='word_1_195' title='bbox 1140 1746 1194 1783; x_wconf 82' lang='lat'>45</span> 
     </span>
     <span class='ocr_line' id='line_1_33' title="bbox 76 1799 985 1848; baseline -0.001 -10"><span class='ocrx_word' id='word_1_196' title='bbox 76 1800 117 1838; x_wconf 89' lang='lat' dir='ltr'><strong>U</strong></span> <span class='ocrx_word' id='word_1_197' title='bbox 107 1808 134 1837; x_wconf 91' lang='lat' dir='ltr'>t</span> <span class='ocrx_word' id='word_1_198' title='bbox 152 1799 216 1837; x_wconf 87' lang='lat' dir='ltr'>hic</span> <span class='ocrx_word' id='word_1_199' title='bbox 235 1799 284 1836; x_wconf 87' lang='lat' dir='ltr'>sit</span> <span class='ocrx_word' id='word_1_200' title='bbox 302 1811 444 1847; x_wconf 82' lang='lat' dir='ltr'>secum,</span> <span class='ocrx_word' id='word_1_201' title='bbox 465 1812 506 1838; x_wconf 87' lang='lat' dir='ltr'>se</span> <span class='ocrx_word' id='word_1_202' title='bbox 523 1799 692 1848; x_wconf 78' lang='lat' dir='ltr'>adjuvet,</span> <span class='ocrx_word' id='word_1_203' title='bbox 714 1811 842 1838; x_wconf 75' lang='lat' dir='ltr'>soeum</span> <span class='ocrx_word' id='word_1_204' title='bbox 861 1801 985 1838; x_wconf 85' lang='lat' dir='ltr'>cubet.</span> 
     </span>
     <span class='ocr_line' id='line_1_34' title="bbox 76 1852 980 1903; baseline 0.001 -12"><span class='ocrx_word' id='word_1_205' title='bbox 76 1853 194 1903; x_wconf 84' lang='lat' dir='ltr'>Ego</span> <span class='ocrx_word' id='word_1_206' title='bbox 180 1852 299 1901; x_wconf 71' lang='lat' dir='ltr'>jussi·</span> <span class='ocrx_word' id='word_1_207' title='bbox 288 1881 300 1898; x_wconf 86' lang='lat'>‚</span> <span class='ocrx_word' id='word_1_208' title='bbox 332 1860 369 1890; x_wconf 86' lang='lat' dir='ltr'>et</span> <span class='ocrx_word' id='word_1_209' title='bbox 387 1853 486 1891; x_wconf 81' lang='lat' dir='ltr'>dixit</span> <span class='ocrx_word' id='word_1_210' title='bbox 504 1866 542 1892; x_wconf 89' lang='lat' dir='ltr'>se</span> <span class='ocrx_word' id='word_1_211' title='bbox 560 1853 748 1890; x_wconf 79' lang='lat' dir='ltr'>facturam</span> <span class='ocrx_word' id='word_1_212' title='bbox 766 1866 864 1891; x_wconf 86' lang='lat' dir='ltr'>uxor</span> <span class='ocrx_word' id='word_1_213' title='bbox 880 1866 980 1892; x_wconf 88' lang='lat' dir='ltr'>mea.</span> 
     </span>
     <span class='ocr_line' id='line_1_35' title="bbox 78 1905 915 1945; baseline -0.001 0"><span class='ocrx_word' id='word_1_214' title='bbox 78 1907 156 1945; x_wconf 87' lang='lat' dir='ltr'>Illa</span> <span class='ocrx_word' id='word_1_215' title='bbox 174 1906 238 1943; x_wconf 84' lang='lat' dir='ltr'>hic</span> <span class='ocrx_word' id='word_1_216' title='bbox 257 1906 412 1944; x_wconf 84' lang='lat' dir='ltr'>cubabit</span> <span class='ocrx_word' id='word_1_217' title='bbox 427 1921 438 1944; x_wconf 75' lang='lat'>2</span> <span class='ocrx_word' id='word_1_218' title='bbox 467 1906 525 1944; x_wconf 75' lang='lat' dir='ltr'>vir</span> <span class='ocrx_word' id='word_1_219' title='bbox 542 1905 663 1944; x_wconf 80' lang='lat' dir='ltr'>aberit</span> <span class='ocrx_word' id='word_1_220' title='bbox 680 1905 771 1944; x_wconf 80' lang='lat' dir='ltr'>faxo</span> <span class='ocrx_word' id='word_1_221' title='bbox 788 1907 915 1945; x_wconf 87' lang='lat' dir='ltr'>domo.</span> 
     </span>
     <span class='ocr_line' id='line_1_36' title="bbox 77 1958 912 2006; baseline 0 -8"><span class='ocrx_word' id='word_1_222' title='bbox 77 1959 143 1998; x_wconf 90' lang='lat' dir='ltr'>Tu</span> <span class='ocrx_word' id='word_1_223' title='bbox 162 1972 226 1996; x_wconf 84' lang='lat' dir='ltr'>rus</span> <span class='ocrx_word' id='word_1_224' title='bbox 248 1972 408 1997; x_wconf 79' lang='lat' dir='ltr'>uxorem</span> <span class='ocrx_word' id='word_1_225' title='bbox 427 1959 542 1998; x_wconf 68' lang='lat' dir='ltr'>ducae</span> <span class='ocrx_word' id='word_1_226' title='bbox 558 1973 568 1996; x_wconf 79' lang='lat'>2</span> <span class='ocrx_word' id='word_1_227' title='bbox 598 1958 639 1996; x_wconf 87' lang='lat' dir='ltr'>id</span> <span class='ocrx_word' id='word_1_228' title='bbox 656 1971 720 1996; x_wconf 87' lang='lat' dir='ltr'>rus</span> <span class='ocrx_word' id='word_1_229' title='bbox 737 1959 809 1998; x_wconf 91' lang='lat' dir='ltr'>hoc</span> <span class='ocrx_word' id='word_1_230' title='bbox 827 1960 912 2006; x_wconf 82' lang='lat' dir='ltr'>erit,</span> 
     </span>
     <span class='ocr_line' id='line_1_37' title="bbox 78 2012 1195 2064; baseline -0.002 -13"><span class='ocrx_word' id='word_1_231' title='bbox 78 2013 283 2063; x_wconf 82' lang='lat' dir='ltr'>Tantisper</span> <span class='ocrx_word' id='word_1_232' title='bbox 301 2013 395 2050; x_wconf 85' lang='lat' dir='ltr'>dum</span> <span class='ocrx_word' id='word_1_233' title='bbox 415 2025 485 2064; x_wconf 74' lang='lat' dir='ltr'>ego</span> <span class='ocrx_word' id='word_1_234' title='bbox 503 2025 591 2051; x_wconf 88' lang='lat' dir='ltr'>cum</span> <span class='ocrx_word' id='word_1_235' title='bbox 608 2012 749 2055; x_wconf 59' lang='lat' dir='ltr'>Casina</span> <span class='ocrx_word' id='word_1_236' title='bbox 767 2013 904 2051; x_wconf 65' lang='lat' dir='ltr'>faciam</span> <span class='ocrx_word' id='word_1_237' title='bbox 923 2013 1090 2064; x_wconf 84' lang='lat' dir='ltr'>nuptias.</span> <span class='ocrx_word' id='word_1_238' title='bbox 1142 2012 1195 2049; x_wconf 80' lang='lat'>50</span> 
     </span>
     <span class='ocr_line' id='line_1_38' title="bbox 80 2065 974 2118; baseline 0.001 -15"><span class='ocrx_word' id='word_1_239' title='bbox 80 2067 187 2104; x_wconf 88' lang='lat' dir='ltr'>Hinc</span> <span class='ocrx_word' id='word_1_240' title='bbox 205 2073 248 2103; x_wconf 89' lang='lat' dir='ltr'>tu</span> <span class='ocrx_word' id='word_1_241' title='bbox 268 2075 355 2104; x_wconf 86' lang='lat' dir='ltr'>ante</span> <span class='ocrx_word' id='word_1_242' title='bbox 371 2067 498 2105; x_wconf 83' lang='lat' dir='ltr'>lucem</span> <span class='ocrx_word' id='word_1_243' title='bbox 517 2079 582 2105; x_wconf 88' lang='lat' dir='ltr'>rus</span> <span class='ocrx_word' id='word_1_244' title='bbox 600 2078 681 2104; x_wconf 83' lang='lat' dir='ltr'>cras</span> <span class='ocrx_word' id='word_1_245' title='bbox 698 2065 814 2105; x_wconf 66' lang='lat' dir='ltr'>duoae</span> <span class='ocrx_word' id='word_1_246' title='bbox 830 2075 974 2118; x_wconf 83' lang='lat' dir='ltr'>postca.</span> 
     </span>
     <span class='ocr_line' id='line_1_39' title="bbox 87 2119 1044 2209; baseline -0.001 -50"><span class='ocrx_word' id='word_1_247' title='bbox 87 2120 225 2159; x_wconf 84' lang='lat' dir='ltr'>Sati&#39;n&#39;</span> <span class='ocrx_word' id='word_1_248' title='bbox 245 2126 369 2158; x_wconf 81' lang='lat' dir='ltr'>astute</span> <span class='ocrx_word' id='word_1_249' title='bbox 379 2119 398 2156; x_wconf 82' lang='lat'><strong>?</strong></span> <span class='ocrx_word' id='word_1_250' title='bbox 1019 2172 1044 2209; x_wconf 77' lang='lat'><strong>3</strong></span> 
     </span>
     <span class='ocr_line' id='line_1_40' title="bbox 926 2174 995 2210; baseline 0 0"><span class='ocrx_word' id='word_1_251' title='bbox 926 2174 953 2210; x_wconf 80' lang='lat'><strong>2</strong></span> <span class='ocrx_word' id='word_1_252' title='bbox 973 2183 995 2210; x_wconf 91' lang='lat' dir='ltr'><strong>c</strong></span> 
     </span>
    </p>
   </div>
  </div>
 </body>
</html>
