1412 2427
402 31 742 70 AULULARIA
751 60 760 68 .
789 31 865 69 lv.
897 32 956 70 10.
1162 34 1236 73 149

119 139 236 186 Quod
254 138 435 176 custodivi
454 137 607 175 sedulo:
640 145 788 187 egomet
806 150 868 176 me
885 138 1119 186 defraudavi,

117 191 384 242 Animumque
414 203 559 237 meum,
592 190 824 241 geniumque
854 203 984 229 meum
997 206 1009 230 ε
1053 204 1153 231 nunc
1182 206 1226 231 eo

274 244 341 282 alii
357 243 608 291 laetificantur,
1177 248 1224 284 15

118 298 211 336 Meo
228 297 332 335 malo
350 304 387 335 et
404 297 568 335 damno:
599 296 678 348 pati
697 309 855 348 nequeo.

117 353 216 401 Lyc.
243 350 415 398 Quinam
444 350 558 389 homo
582 351 646 388 hic
667 358 755 389 ante
778 350 890 389 aedeis
912 358 1057 390 nostras
1080 353 1226 401 ejulans

278 404 520 455 conqueritur
538 416 696 442 moerens
706 404 724 440 Ρ

117 458 251 510 Atque
267 457 330 496 hic
349 457 503 518 quidem
522 457 659 496 Euclio
678 465 745 495 aet.
787 457 842 495 E>
825 465 873 506 st,
894 457 1038 509 opinor.
1069 459 1227 511 Oppido

279 524 348 562 ego
366 510 514 549 interii!
545 512 672 562 palam
692 518 747 549 est
765 524 835 548 τῶ.

118 565 196 603 Scit
214 565 401 624 peperisse
411 565 505 613 jam,
523 572 566 602 ut
579 577 648 615 ego
661 564 806 616 opinor,
824 564 942 603 filiam
957 577 1080 604 suam.
1109 567 1151 605 N
1154 580 1226 606 unc

277 617 374 655 mihi
391 618 578 656 incertum
596 625 666 666 est,

118 671 227 719 Quid
245 684 384 722 agam:
415 672 580 709 abeam?
609 684 656 709 an
679 672 883 710 maneam?
911 685 960 710 an
982 673 1115 712 adeam
1130 676 1148 712 ?
1176 687 1225 712 an

275 724 454 776 fugiam?
483 724 577 776 quid
596 738 721 776 agam,
742 725 911 777 (edepol)
929 727 1065 765 nfficio.
1173 730 1226 766 20

370 883 554 924 ACTUS
582 883 659 923 IV.
713 885 900 924 SCENA
926 885 980 924 X.

414 991 604 1029 Eueno.
649 991 933 1030 Lx‘coumsss.

120 1101 217 1136 Eue.
252 1098 350 1142 Quis
368 1099 483 1136 homo
502 1098 565 1135 hic
583 1097 782 1148 loquitur?

471 1153 566 1200 Lyc.
594 1151 681 1201 Ego
699 1164 798 1190 sum.

626 1207 726 1244 Euc.
756 1205 884 1243 Immo
904 1219 974 1256 ego
993 1219 1079 1244 sum
1098 1207 1226 1255 miser,

730 1265 767 1296 et
785 1258 921 1297 misere
938 1259 1120 1311 perditus,

116 1313 222 1361 Quoi
240 1320 345 1351 tanta
362 1312 477 1361 mala,
497 1311 790 1363 maestitudoque
807 1312 955 1363 obtigit.

770 1367 866 1415 Lyc.
895 1365 1040 1404 Animo
1058 1368 1158 1406 bono
1176 1380 1227 1406 ω.

116 1423 217 1459 Eue.
244 1419 350 1469 Quo,
370 1420 536 1467 obsecro,
556 1427 667 1470 pacto
686 1431 764 1457 ωδε
781 1421 969 1470 possum?

450 1475 501 1511 L
487 1485 548 1522 ι]σ
576 1471 680 1521 Quia
696 1472 795 1510 istuc
812 1472 973 1521 facinus,
993 1473 1097 1525 quod
1116 1481 1227 1513 tuum

114 1528 298 1568 Sollicitat
315 1527 503 1576 animum,
523 1526 564 1564 id
582 1539 651 1577 ego
668 1525 755 1573 feci,
775 1532 812 1564 et
830 1525 961 1565 fateor.

615 1582 716 1618 Eue.
744 1578 853 1628 Quid
870 1593 940 1631 ego
958 1593 1005 1619 ex
1025 1587 1062 1620 te
1079 1580 1193 1620 audio
1206 1583 1225 1619 ἓ

114 1637 213 1685 Lyc.
243 1635 292 1674 Id
303 1634 406 1686 quod
424 1646 556 1673 verum
575 1634 637 1672 ’st.

299 1691 400 1727 Eue.
428 1687 535 1736 Quid
554 1699 623 1738 ego
641 1687 799 1736 emerui,
819 1687 1046 1737 adolescens,
1066 1687 1173 1731 mali,
1202 1690 1227 1724 5

116 1742 378 1790 Quamobrem
405 1742 458 1780 ita
485 1741 638 1791 faceres,
667 1754 805 1792 meque
831 1754 1010 1793 meosque
1035 1741 1227 1794 perditum

276 1795 348 1833 ἰι-ω
368 1795 535 1834 liberos?

116 1849 167 1886 L
154 1861 214 1898 jc
227 1847 335 1887 Deus
352 1848 537 1899 impulsor
554 1848 651 1887 mihi
664 1848 761 1887 fuit·
774 1848 806 1887 is
823 1861 887 1886 me
900 1848 949 1886 ad
966 1848 1074 1887 illam
1091 1848 1229 1886 illexit.

837 1904 937 1940 Eue.
970 1902 1060 1950 Quo
1079 1901 1225 1939 modo?

119 1957 168 1993 L
155 1969 214 2006 ιμ’
254 1955 389 1994 Fateor
410 1956 646 2006 pecoevisse3
675 1964 712 1994 et
736 1955 834 1994 hanc
859 1969 922 1994 mc
950 1956 1103 2007 culpam
1125 1967 1228 1993 com-

274 2009 453 2047 meritum
472 2009 561 2047 scio.

116 2062 164 2100 Id
184 2063 277 2102 adeo
296 2070 333 2101 te
355 2070 504 2102 oratum
523 2063 693 2130 advenio,
714 2071 756 2102 ut
775 2063 903 2103 animo
926 2076 1034 2115 aequo
1059 2063 1228 2112 ignoscas

277 2116 385 2156 mihi.

1050 2179 1074 2205 o
1099 2169 1121 2204 3
