1412 2427
176 67 250 105 180
474 65 810 105 BACCHIDES.
841 66 898 104 II.
927 67 968 106 3.

170 173 285 210 Nunc
304 172 451 210 tibimet
469 171 559 210 illuc
577 172 662 209 navi
681 171 912 222 capiundum
933 172 981 210 'st
999 172 1082 219 iter,
1220 171 1268 209 91

168 227 223 264 Ut
241 226 337 263 illud
355 234 518 276 reportes
535 238 669 262 aurum
690 227 738 264 ab
757 225 963 263 Theotimo
981 225 1154 263 domum.

165 279 298 330 Atque
315 279 409 317 heus
428 278 495 315 tu!

430 332 494 368 N
483 343 528 369 ac
547 329 654 377 Quid
673 331 758 369 vis?

679 385 772 423 Chr.
793 383 999 422 Annulum
1019 384 1126 434 gnati
1147 384 1202 421 tui

167 437 298 477 Facito
316 444 359 476 ut
376 437 591 475 memineris
609 436 716 475 ferre.

638 492 689 527 N
691 492 735 527 ic.
759 489 864 534 Quid
881 493 1008 541 opu'st
1027 490 1168 527 annulo
1186 491 1203 527 Ρ

168 545 263 584 Chr.
294 544 398 591 Quia
423 544 462 582 id
489 544 640 594 signum
662 543 710 581 'st
729 556 814 581 cum
843 543 1060 589 Theotimo,
1087 543 1154 594 qui
1179 555 1267 581 eum

319 597 376 634 ini
394 597 535 643 afferet,
1215 598 1266 634 95

163 650 214 688 Ei
231 663 367 688 aurum
386 659 429 689 ut
446 650 589 688 reddat.

508 705 603 740 Nic.
625 704 854 750 meminero,
875 712 911 742 et
930 713 1027 742 recte
1046 715 1187 740 mones.

161 757 236 796 Sed
255 756 405 795 divesne
423 765 477 795 est
494 756 575 794 istic
594 757 848 796 Theotimus?

759 812 815 849 Ch
823 824 853 848 r.
873 809 1004 848 Etiam
1020 821 1131 860 rogas
1141 808 1159 845 ἱ)

159 862 240 910 Qui
259 876 350 901 auro
368 863 505 901 habeat
523 864 637 901 soccis
655 871 882 914 suppactum
901 863 1037 901 solum.

162 918 259 954 Nic.
282 917 361 955 Cur
379 917 431 953 ita
450 916 592 954 fastidit
605 919 622 954 ?

546 970 638 1007 Chr.
660 969 806 1007 Tantas
823 968 972 1007 divitias
988 969 1127 1007 habet:

159 1022 290 1060 Nescit
308 1021 401 1073 quid
419 1021 532 1059 faciat
550 1034 653 1060 auro.

628 1077 679 1112 N
680 1077 726 1112 ic.
746 1075 850 1112 Mihi
869 1073 1011 1112 dederit
1030 1074 1155 1112 velim.
1190 1075 1263 1113 100

155 1128 245 1175 Sed,
266 1129 333 1180 qui
353 1135 548 1180 prasente,
568 1128 607 1166 id
626 1141 763 1166 aurum
783 1127 986 1165 Theotimo
1005 1126 1137 1165 datum
1157 1126 1205 1165 'st
1219 1130 1236 1165 Ρ

157 1183 250 1220 Chr.
273 1182 422 1232 Populo
440 1189 642 1231 praesente:
673 1182 833 1219 nullu'st
852 1180 1011 1232 Ephesi,
1031 1180 1125 1232 quin
1143 1180 1244 1219 sciat.

156 1237 208 1273 N
210 1237 255 1271 ic.
274 1235 377 1272 Istuc
396 1234 582 1284 sapienter
600 1235 734 1272 saltem
753 1234 840 1272 fecit
858 1235 976 1279 filius,

154 1288 286 1335 Quom
306 1288 413 1325 diviti
432 1287 578 1324 homini
596 1288 635 1325 id
654 1300 790 1325 aurum
810 1287 1034 1325 servandum
1054 1286 1182 1325 dedit:

151 1342 219 1379 Ab
239 1354 282 1379 eo
297 1341 424 1379 licebit
442 1341 616 1390 quamvis
635 1341 759 1379 subito
778 1353 939 1379 sumere.
1185 1341 1258 1378 105

155 1396 251 1433 Clzr.
272 1395 411 1437 Immo,
431 1393 533 1440 hem,
554 1395 734 1444 tantisper
751 1406 950 1444 nunquam
969 1401 1005 1431 te
1022 1393 1245 1442 morabitur,

153 1447 261 1495 Quin
280 1447 418 1485 habeas
435 1446 531 1484 illud
551 1459 627 1497 quo
646 1447 706 1484 die
724 1447 816 1484 illuc
834 1446 990 1484 veneris.

154 1503 251 1538 Nic.
274 1501 482 1538 Censebam
501 1512 564 1537 me
582 1500 757 1550 effugisse
774 1513 797 1537 a
815 1498 892 1536 vita
909 1497 1125 1547 marituma,

153 1555 216 1591 Ne
234 1553 449 1603 navigarem
468 1552 621 1590 tandem
639 1552 711 1590 hoc
729 1552 848 1589 aetatis
865 1564 1001 1590 senex:

152 1606 201 1644 Id
220 1607 275 1643 mi
293 1605 411 1652 haud,
431 1612 562 1643 utrum
580 1605 709 1651 velim,
729 1605 839 1643 licere
856 1605 1028 1655 intelligo
1039 1619 1053 1651 ;
1182 1604 1258 1642 110

152 1660 215 1697 Ita
232 1659 354 1696 bellus
372 1657 507 1708 hospes
525 1657 613 1695 fecit
629 1657 932 1696 Archidemides.

150 1712 230 1750 Ubi
249 1724 351 1749 nunc
368 1719 422 1750 est
441 1723 529 1761 ergo
546 1723 654 1749 meus
672 1711 932 1749 Mnesilochus
952 1711 1080 1749 filius?

153 1766 247 1804 Chr.
267 1765 370 1803 Deos
387 1772 501 1814 atque
519 1764 658 1802 amicos
675 1764 719 1802 iit
737 1764 943 1802 salutatum
961 1764 1009 1802 ad
1027 1764 1166 1802 forum.

152 1820 204 1856 N
203 1820 249 1855 ic
268 1819 327 1856 At
345 1830 414 1868 ego
431 1816 520 1855 hinc
538 1817 587 1854 ad
604 1817 731 1864 illum,
752 1824 795 1855 ut
812 1817 1047 1867 conveniam,
1068 1824 1256 1869 quantum

360 1877 444 1909 test·

153 1926 249 1964 Chr.
269 1884 417 1963 Illleoaet
435 1931 609 1962 oneratus
625 1931 736 1972 recte,
758 1930 794 1962 et
811 1924 899 1985 plus
914 1924 1017 1973 justo
1035 1923 1149 1963 vehit.
1178 1923 1252 1962 115

148 1978 299 2017 Exorsa
315 1978 396 2016 haec
413 1978 488 2015 tela
505 1989 582 2015 non
599 1978 701 2015 male
719 1978 874 2016 omnino
890 1977 986 2015 mihi
1004 1984 1074 2026 est,

149 2031 207 2070 Ut
226 2038 416 2069 amantem
434 2029 591 2068 herilem
611 2043 742 2081 copem
761 2031 922 2069 facerem
940 2031 1076 2068 filium.

148 2083 211 2122 Ita
227 2084 311 2133 feci,
330 2091 375 2122 ut
391 2083 487 2131 auri,
507 2091 695 2134 quantum
713 2083 839 2132 vellet,
859 2090 1048 2122 sumeret:

149 2136 353 2186 Quantum
371 2144 498 2177 autem
515 2137 631 2178 libeat
648 2136 815 2188 reddere,
835 2144 879 2176 ut
896 2136 1028 2176 reddat
1044 2136 1154 2190 patri.
