1412 2427
387 9 713 49 CAPTEIVEI.
742 11 793 50 V.
826 12 858 48 l.
1106 11 1184 48 265

81 116 226 155 Cocum
244 117 544 168 percontabatur,
565 124 764 167 possentne
782 117 886 154 seriae
903 116 1114 155 fervescere.
1161 119 1186 156 9

84 168 211 208 Cellas
229 169 381 221 refregit
397 170 542 208 omneis
560 170 676 217 intus,
697 170 923 220 reclusitque
941 171 1159 208 armarium.

78 223 281 261 Asservate
310 223 449 269 istunc,
483 223 605 270 sultis,
635 222 744 260 servi.
805 222 892 273 Ego
919 223 995 270 ibo,
1025 230 1070 261 ut
1098 235 1188 261 con-

206 284 209 285 ’
234 276 384 314 veniam
401 288 542 314 senem.
1132 277 1175 313 ll

76 328 230 378 Dicam,
250 338 294 368 ut
311 330 383 368 sibi
400 342 543 381 penum
561 328 666 367 aliud
684 335 805 377 ornet,
827 328 1013 380 siquidem
1034 343 1112 368 sese
1129 330 1186 367 uti

231 382 344 422 volet.

74 435 195 486 Nam,
214 436 277 475 hic
295 436 450 488 quidem
468 444 512 473 ut
531 435 701 484 adornat,
722 443 788 473 aut
815 437 898 485 jam
916 436 1013 474 nihil
1032 444 1099 485 est,
1120 444 1186 474 aut

229 491 312 539 jam
330 490 426 527 nihil
444 489 524 527 erit.

344 650 531 690 ACTUS
559 650 612 689 V.
667 649 851 689 SCENA
881 651 915 688 I.

141 757 313 797 HEG10.
349 758 736 796 Pmropormrcs.
777 757 1120 795 PmLoan‘rEs.

72 865 181 915 Heg.
212 866 241 904 J
243 864 304 903 ovi
322 864 485 915 Diisque
504 875 575 914 ago
593 863 732 913 gratias
750 863 885 901 merito
902 876 1074 914 magnas,

68 919 200 966 Quom
218 926 255 956 te
272 917 449 956 reducem
467 924 533 954 tuo
552 916 650 966 patri
668 917 925 964 reddiderunt,

68 972 277 1023 Quomque
294 983 342 1009 ex
360 970 521 1008 miseriis
538 969 713 1020 plurimis
731 983 794 1008 me
811 978 1046 1017 exemerunt,

67 1025 191 1072 Quas,
211 1025 305 1062 dum
324 1031 361 1061 te
379 1023 582 1061 carendum
600 1021 664 1060 hic
682 1023 769 1071 fuit,
791 1025 1071 1061 sustentabam:

69 1078 279 1129 Quomque
291 1077 395 1114 hunc
408 1076 593 1127 conspicio
610 1076 651 1112 in
670 1084 853 1127 potestate
865 1077 1007 1123 nostrii,
1155 1079 1180 1113 5

67 1131 278 1182 Quomque
295 1130 376 1168 haec
393 1137 537 1181 reperta
556 1136 611 1167 est
630 1128 723 1167 fides
741 1130 853 1167 firma
870 1130 991 1167 nobis.

68 1184 169 1223 Satis
184 1186 266 1234 jam
285 1183 390 1221 dolui
408 1197 454 1221 ex
473 1182 624 1228 anim03
661 1190 698 1221 et
716 1183 808 1221 cura
825 1195 889 1220 me
907 1182 995 1220 satis

67 1237 123 1276 Et
139 1237 318 1276 lacrumis
336 1236 531 1275 maceravi.

412 1291 569 1339 Philop.
590 1289 628 1328 Ο
646 1290 656 1327 !
687 1290 776 1328 satis
791 1291 872 1340 jam
892 1289 1020 1327 audivi

66 1344 175 1383 Tuas
194 1356 398 1392 aerumnas‚
418 1343 466 1382 ad
484 1350 637 1394 portum
657 1344 754 1381 mihi
773 1356 867 1394 quas
885 1342 1111 1382 memorasti.

65 1398 155 1437 Hoc
172 1410 343 1449 agamus.

242 1452 395 1489 Philae.
425 1451 533 1498 Quid
550 1464 666 1500 nunc,
688 1451 869 1503 quoniam
889 1459 1015 1490 tecum
1035 1451 1177 1489 servavi

351 1504 481 1552 fidem,
1126 1506 1173 1543 10

64 1559 232 1611 Tibique
249 1558 353 1597 hunc
370 1558 543 1597 reducem
563 1559 603 1596 in
622 1559 834 1597 libertatem
852 1558 921 1596 feci
936 1560 953 1596 ?

724 1614 833 1662 Heg.
857 1611 1007 1659 Fecisti,
1027 1618 1070 1649 ut
1088 1611 1171 1660 tibi,

62 1665 306 1709 Philocrates,
326 1678 527 1718 nunquam
545 1666 682 1705 referre
700 1666 861 1718 gratiam
880 1665 1023 1716 possim
1041 1665 1145 1713 satis,

61 1717 228 1758 Proinde
245 1727 290 1757 ut
307 1726 349 1757 tu
367 1720 608 1770 promeritu’s
628 1720 675 1759 de
691 1733 754 1758 me
773 1730 811 1757 et
828 1719 906 1756 filio
924 1732 1022 1757 meo.

728 1773 885 1822 Philop.
906 1773 1035 1810 Immo
1051 1779 1172 1824 potes,

61 1825 188 1875 Pater,
222 1832 260 1864 et
286 1827 452 1877 poteris3
482 1833 519 1864 et
549 1840 618 1878 ego
645 1834 802 1879 potero:
833 1834 871 1864 et
895 1826 964 1864 Dii
993 1839 1075 1864 eam
1104 1839 1172 1877 po-

218 1886 391 1918 testatem
409 1879 569 1928 dabunt,

59 1933 118 1972 Ut
134 1932 360 1971 beneficium
378 1933 633 1972 benemerenti
651 1941 779 1973 nostro
797 1933 932 1971 merito
951 1944 1152 1978 muneres3

59 1986 166 2026 Sicut
194 1993 238 2024 tu
262 1986 352 2025 huic
379 1995 499 2037 potes,
527 1995 634 2039 pater
659 1988 729 2037 mi,
754 1987 876 2027 facere
902 1986 1037 2025 merito
1062 1997 1172 2024 max-

218 2051 320 2078 ume.
1121 2037 1169 2074 16

115 2103 226 2132 vel..
245 2102 274 2131 Ι.
882 2095 907 2130 2
928 2105 957 2130 A
