1412 2427
425 64 765 104 BACCHIDES.
796 65 871 103 IV.
905 66 942 103 8.
1160 64 1239 101 205

352 224 540 264 ACTUS
561 223 637 262 IV.
693 224 882 263 SCENA
902 223 1025 263 VIII.

199 332 533 371 CLEOMACHES.
562 331 844 370 Nicosscnns.
876 329 1173 369 CHRYsALts.

131 441 212 479 Cle.
232 439 414 477 Meamne
432 437 497 476 hic
516 437 791 483 Mnesilochus,
811 437 995 475 Nicobuli
1013 436 1127 484 filius,

129 494 204 532 Per
220 493 298 530 vim
318 500 361 530 ut
379 491 538 529 retineat
556 492 755 530 mulierem
766 491 784 527 ’ἒ
813 504 900 543 quae
916 490 998 529 haec
1016 490 1130 529 factio
1148 490 1229 529 est?

133 548 233 585 Nic.
253 545 354 593 Quis
371 545 436 583 ille
455 543 539 583 est?

428 599 524 637 Chr.
544 598 619 635 Per
637 605 788 648 tempus
805 598 871 636 hic
888 598 991 636 venit
1009 598 1119 636 miles
1136 597 1246 637 mihi.

134 655 214 693 Cle.
236 653 327 691 Non
346 665 409 690 me
427 652 631 690 arbitratur
649 651 823 699 militem,
845 651 910 690 sed
928 652 1143 699 mulierem,

130 707 213 754 Qui
232 719 293 744 me
311 718 490 756 meosque
508 716 585 742 non
605 717 743 756 queam
761 705 974 743 defendere.
1220 706 1244 741 5

130 761 238 799 Nam
273 772 398 810 neque
429 758 592 797 Bellona
625 758 722 796 mihi
756 770 945 810 unquam,
979 772 1105 811 neque
1136 758 1248 797 Mars

291 813 458 860 creduat,

130 867 188 906 Ni
206 866 318 904 illum
338 866 590 904 exanimalem
610 865 713 912 faxo,
733 865 765 904 si
784 878 1004 915 oonvenero,

130 921 234 960 Nive
252 920 488 959 exhaeredem
508 919 629 957 fecero
648 920 736 957 vitae
754 932 845 958 suae.

132 977 185 1013 Ν
185 977 232 1012 ic.
252 973 452 1024 Chrysale,
474 973 559 1024 quis
577 973 641 1011 ille
662 980 730 1019 est,
751 973 819 1024 qui
836 972 1035 1011 minitatur
1047 972 1127 1010 filio
1141 974 1159 1010 ?

134 1030 230 1068 Chr.
252 1027 325 1066 Vir
338 1027 400 1064 hic
418 1034 473 1064 est
492 1026 595 1064 illius
614 1026 799 1074 mulieris,
820 1027 988 1078 quacum
1007 1028 1177 1065 accubat.
1198 1025 1248 1063 10

132 1085 232 1121 Nic.
253 1080 395 1128 Quid?
425 1079 508 1118 vir?

348 1135 442 1173 Chr.
463 1134 550 1182 Vir,
570 1134 742 1184 inquam.

575 1189 672 1224 Μσ.
692 1187 829 1238 Nupta
848 1194 905 1226 est
922 1185 1046 1236 illan’,
1066 1188 1217 1225 obsecro
1230 1187 1248 1224 ‚⁹

137 1243 194 1282 Ch
201 1255 233 1278 r.
255 1241 357 1281 Scies
373 1240 478 1278 haud
497 1241 621 1279 multo
639 1248 736 1292 post.

669 1296 768 1334 Nic.
788 1294 945 1346 Oppido
963 1294 1090 1333 interii
1107 1294 1221 1331 miser
1236 1293 1246 1330 !

138 1350 233 1390 Chr.
254 1347 390 1396 Quid?
419 1360 522 1386 nunc
540 1349 716 1387 scelaetus
734 1348 806 1386 tibi
823 1348 972 1386 videtur
991 1348 1232 1399 Chrysalus?

131 1404 222 1453 Age
241 1415 355 1446 nunc,
375 1402 516 1442 vincito
535 1414 621 1447 me;
653 1401 864 1440 auscultato
879 1401 972 1440 filio.

135 1512 199 1548 N
188 1523 233 1547 ιε
253 1509 362 1557 Quid
379 1521 482 1548 nunc
500 1521 570 1560 ego
587 1509 750 1547 faciam.
740 1511 758 1537 ⁹

602 1564 697 1602 Chr.
721 1563 751 1601 J
753 1564 827 1601 ube
845 1563 896 1601 sis
913 1575 977 1601 me
991 1563 1135 1601 exsolvi
1153 1562 1250 1600 cito:

134 1617 176 1656 N
178 1629 256 1665 am,
271 1617 344 1655 nisi
363 1629 433 1668 ego
448 1617 634 1664 exsolvet,
651 1617 734 1666 jam
752 1617 951 1655 manifaeto
969 1616 1166 1655 hominem
1185 1628 1252 1667 op-

325 1671 450 1709 rimet-

139 1725 220 1763 Cle.
242 1685 354 1762 Niiiil
372 1731 427 1762 est
444 1715 679 1774 lucrisquod
696 1736 759 1761 me
777 1723 890 1762 hodie
907 1724 1028 1763 facere
1045 1722 1242 1771 mavelim,

137 1777 269 1825 Quam
286 1777 399 1815 illum
417 1779 620 1816 cubantem
639 1790 728 1816 cum
746 1777 815 1815 illa
833 1778 1060 1830 opprimere,
1076 1779 1191 1815 ambo
1209 1783 1254 1814 ut

298 1842 442 1869 necem.

142 1885 240 1924 Chr.
265 1883 431 1922 Audi’n'
462 1897 549 1936 quae
581 1883 782 1936 loquitur?
821 1884 914 1937 quin
944 1892 987 1924 tu
1015 1898 1079 1923 me
1109 1883 1254 1923 exsolvi

303 1938 408 1976 ‘ubes
422 1940 440 1965 ⁹
1201 1938 1254 1974 20

139 1993 239 2030 Nic.
259 1951 484 2029 Eizsolvite‘
474 1989 605 2029 istum.
663 1992 778 2041 Perii,
798 1992 980 2045 pertimui
998 1991 1136 2030 miser!

142 2046 224 2084 Cle.
243 2045 351 2083 Tum
369 2045 491 2090 illam,
512 2058 598 2095 quae
616 2058 751 2098 corpus
769 2047 939 2098 publicat
958 2046 1071 2096 volgo
1089 2056 1219 2091 suum,

138 2098 261 2146 Faxo,
282 2111 321 2136 se
338 2097 444 2136 haud
461 2098 562 2136 ‹lioet
579 2106 744 2146 nactam,
764 2113 882 2151 quem
900 2099 1080 2138 derideat.

141 2152 238 2190 Chr.
264 2151 411 2191 Pacisci
429 2164 517 2192 cum
537 2151 604 2190 illo
622 2152 780 2204 paulula
799 2152 961 2205 pecunia

192 2215 1039 2246 vox..1.·r
