1412 2427
471 36 696 77 CASINA.
728 37 790 76 Π.
815 39 854 75 2.
1135 36 1213 80 279

107 143 149 180 N
151 155 191 181 ec
209 142 376 194 quacum
395 143 507 194 plura
525 150 614 181 sunt
632 143 742 191 mihi,
762 155 849 194 quae
866 155 936 193 ego
954 142 1079 181 velim.
1165 141 1214 178 13

107 197 166 232 M
165 210 225 233 ur.
253 197 359 235 Amo
376 207 438 242 te;
466 204 581 247 atque
599 196 694 234 istuc
712 203 848 247 expeto
865 196 956 234 scire
974 195 1068 246 quid
1085 194 1146 234 sit.

110 251 211 287 Cleo.
239 249 311 287 Vir
323 262 386 288 me
402 249 518 288 habet
533 249 719 300 pessumis
737 249 965 300 doepioetam
982 249 1104 287 modis

105 303 188 340 Nec
206 302 302 340 mihi
315 303 380 352 jus
398 316 528 341 meum
547 302 742 341 obtinendi
759 302 862 353 optio
880 310 946 340 est.
1164 301 1213 339 16

106 357 223 395 ΙΙῙιιν.
251 356 382 394 Hem!
414 357 508 407 quid
532 356 615 395 est?
643 356 703 394 dic
724 355 827 394 idem
852 355 949 394 hoc:
979 367 1070 393 nam
1095 354 1215 407 (pol)

264 409 370 447 haud
386 410 475 448 satis
492 423 578 448 meo

107 462 230 501 Corde
248 463 373 513 accepi
392 463 562 514 querelas
579 471 677 509 tuas,
697 464 860 500 obsecro.

108 517 211 554 Cleo.
241 516 314 555 Vir
331 529 394 554 me
411 517 525 555 habet
542 515 727 568 pessumis
745 515 976 566 daepicatam
994 513 1130 553 modis-

101 570 218 607 Mur.
249 569 355 607 Mira
372 577 474 617 sunt,
494 583 583 608 vera
600 571 631 608 si
648 568 852 619 praedicas:
880 581 971 606 nam
989 567 1060 606 viri
1158 567 1210 605 20

102 622 131 660 J
134 636 178 660 us
196 635 308 661 suum
327 622 377 661 ad
394 598 571 661 111111ἰεῐεε
588 623 756 661 obtinere
772 621 876 660 haud
894 629 1051 673 queunt.

103 677 204 714 Cleo.
236 675 343 719 Quin
370 676 466 714 mihi
483 676 703 714 ancillulam
729 675 899 726 ingratiis
925 674 1106 727 postulat,
1125 687 1211 726 quae

255 741 342 768 mea
361 729 423 777 ἐς

98 780 198 828 Quae
216 795 301 820 meo
320 782 479 820 educata
496 789 628 821 sumtu
646 789 718 830 est,
737 781 862 820 villico
879 794 950 820 suo
968 793 1007 821 se
1025 781 1126 820 dare.

99 835 174 873 Sed
192 835 297 887 ipsus
315 848 399 874 eam
417 842 533 873 amat.

419 890 538 927 Mur.
567 887 748 937 Obsecro,
768 895 860 926 tace.

753 943 855 980 Cleo.
883 941 989 980 Nam
1005 940 1071 980 hic
1087 953 1190 981 nunc

100 995 209 1034 Licet
226 995 372 1034 dicere:
401 1007 470 1033 nos
488 1007 634 1034 sumus.

427 1048 715 1087 Mur.1ta’st.
769 1047 883 1086 Unde
901 1060 945 1086 ea
961 1047 1031 1087 tibi
1049 1047 1126 1086 ’st?
1154 1050 1205 1086 25

98 1103 202 1140 Nam
222 1102 348 1162 peculi
366 1104 525 1153 probam
543 1101 640 1139 nihil
657 1100 795 1139 habere
812 1101 966 1139 addecet

99 1156 210 1194 Clam
229 1156 376 1193 virum:
408 1163 460 1194 et
478 1169 566 1207 quae
583 1155 708 1199 habet,
731 1155 902 1207 [partum
924 1155 959 1192 ei
975 1155 1081 1194 haud
1103 1167 1206 1193 com-

256 1208 367 1246 mode
400 1218 446 1257 st,

97 1261 205 1308 Quin
224 1263 302 1299 viro
321 1270 387 1300 aut
387 1196 616 1308 suimahat,
635 1268 702 1299 aut
719 1269 851 1313 stupro
867 1261 1065 1300 invenerit.

100 1315 186 1353 Hoc
204 1315 273 1353 viri
291 1327 422 1354 censeo
441 1329 518 1354 esse
536 1327 662 1362 omne,
686 1315 874 1366 quidquid
891 1322 1003 1352 tuum
1024 1314 1085 1353 'su

99 1369 202 1407 Cleo.
230 1368 295 1406 Tu
323 1369 478 1419 quidem
510 1368 711 1407 advorsum
743 1376 851 1406 tuam
883 1368 1045 1407 amicam
1076 1368 1206 1406 omnia

251 1422 428 1472 loqueris.
1151 1422 1205 1460 30

95 1476 152 1512 Μ
152 1488 211 1513 ur.
241 1475 344 1513 Tace
372 1476 436 1525 sis,
466 1475 605 1514 stulta·
593 1503 606 1521 ‚
636 1482 673 1514 et
698 1474 795 1513 1111111
821 1475 1017 1513 ausculta:
1046 1474 1126 1513 noli
1152 1475 1202 1513 sis

253 1535 296 1566 tu
313 1529 371 1566 1111

90 1581 311 1620 Adversari.
366 1582 457 1621 Sine
474 1589 600 1627 amet;
630 1581 723 1630 sine,
744 1581 848 1634 quod
865 1582 971 1630 libet,
992 1581 1033 1620 id
1050 1580 1187 1619 faciat:

93 1635 259 1682 Quando
277 1635 347 1673 tibi
366 1636 421 1674 nil
439 1636 544 1674 domi
561 1635 752 1673 deliciium
773 1634 833 1674 ’su

94 1690 195 1727 Cleo.
229 1688 364 1727 Sati'n’
398 1702 488 1727 sana
522 1702 560 1728 es
574 1691 592 1727 ?
630 1701 722 1727 nam
755 1697 797 1728 tu
830 1688 986 1741 quidem
1017 1687 1198 1727 advorsus

248 1748 355 1780 tuam
372 1742 444 1780 ista
461 1755 543 1781 rem

89 1794 276 1844 Loquere.

141 1849 259 1885 Mur.
287 1847 501 1899 Insipiens!
533 1861 681 1899 semper
699 1856 742 1887 tu
759 1848 850 1887 huic
868 1850 982 1887 verbo
1002 1848 1119 1887 vitato
1146 1848 1198 1885 35

95 1901 182 1940 Abs
201 1909 267 1940 tuo
287 1901 380 1939 viro.

305 1956 407 1994 Cleo.
435 1954 541 2003 Quoi
559 1955 700 1993 verbo?

596 2009 713 2046 Mur.
741 2009 762 2046 I
780 2008 894 2058 foras,
913 2007 1067 2047 mulier.

994 2063 1095 2100 Cleo.
1123 2059 1193 2098 St!

88 2115 200 2154 Tace.
