1412 2427
418 62 718 102 ASINARIA.
749 62 807 99 ΙΙ,
838 64 877 100 2.
1145 62 1196 99 83

569 170 687 206 Leon.
722 167 813 207 Jam
833 168 923 206 satis
941 176 996 206 est
1013 167 1120 205 mihi.
1149 168 1200 205 63

95 225 233 262 Liban.
263 223 370 261 Tum
388 221 505 273 igitur
523 229 565 259 tu
583 222 686 259 dives
704 235 743 260 es
761 222 913 258 factus?

689 276 808 312 Leon.
838 274 956 311 Mitte
973 274 1199 312 ridicularia.

92 331 232 368 Liban.
262 330 393 369 Mitto.
437 328 563 377 Istud,
583 328 686 379 quod
711 329 832 376 affers,
857 341 964 366 aures
984 336 1202 377 exspectant

252 396 360 421 meae.
1151 382 1201 416 (55

91 437 212 475 Leon.
242 436 433 475 Animum
455 435 622 480 advorte,
642 443 686 473 ut
703 449 810 487 aeque
828 447 979 473 mecum
998 434 1079 472 haec
1097 434 1203 471 scias.

518 490 654 527 Liban.
686 489 824 527 Taceo.

833 543 953 580 Leon.
982 541 1098 578 Beas.

92 596 347 635 Meministin‘
367 597 490 636 asinos
510 596 712 634 Arcadicos
729 596 927 634 mercatori
945 594 1105 632 vendere

93 651 235 688 Pellaeo
252 658 423 689 nostrum
442 651 641 689 atriensem
655 652 673 688 Ρ

438 706 579 742 Liban.
608 704 786 741 Memini.
814 703 922 751 Quid
941 710 1025 740 tum
1042 708 1171 753 postea
1184 703 1202 739 ?

95 758 213 795 Leon.
255 757 389 796 Hem!
421 771 510 808 ergo
532 758 564 795 is
589 766 787 807 argentum
815 758 892 796 huc
915 756 1074 802 remisit,
1100 753 1203 806 quod

252 811 405 850 daretur
423 812 575 850 Saureae

94 864 171 902 Pro
189 864 314 902 asinis.
341 865 572 903 Adolescens
591 866 694 904 venit
711 864 840 912 modo,
861 863 928 916 qui
946 863 986 901 id
1004 870 1203 913 argentum

253 919 394 956 attulit.
1153 918 1205 960 70

97 973 238 1010 Liban·
265 972 374 1010 Ubi
363 985 395 1010 ιε
412 973 559 1011 homo'
562 979 619 1012 st.
611 975 628 1000 ⁹

201 1026 320 1063 Leon.
339 1026 368 1064 J
370 1039 434 1064 am
452 1026 711 1065 devorandum
730 1037 870 1072 censes,
891 1025 921 1062 si
940 1022 1204 1074 conspexeris?

96 1079 235 1116 Liban.
264 1079 327 1117 Ita
345 1079 548 1118 enimvero.
590 1080 665 1118 Sed
687 1087 816 1117 tamen
834 1086 876 1116 tu
899 1091 1037 1128 nempe
1055 1090 1116 1116 eos
1135 1076 1208 1114 asi-

255 1144 323 1170 nos
341 1132 521 1183 praedicas

97 1184 137 1222 V
137 1184 273 1231 etu10s‚
307 1185 474 1233 claudos,
506 1185 646 1237 quibus
678 1184 847 1224 subtritae
878 1184 928 1221 ad
958 1183 1100 1221 femina
1126 1184 1209 1231 jam

258 1246 365 1276 erant
383 1239 552 1289 ungulae.

99 1293 217 1330 Leon.
245 1292 369 1343 Ipsos,
400 1293 467 1343 qui
491 1293 561 1331 tibi
588 1293 859 1331 subvectabant
880 1303 966 1328 rure
986 1289 1063 1327 huc
1084 1288 1209 1338 virgas

257 1345 415 1383 ulmeas.

98 1400 238 1437 Liban.
266 1398 417 1436 Teneo.
448 1406 563 1451 atque
590 1399 705 1438 iidem
729 1406 766 1437 te
789 1398 878 1436 hinc
902 1404 1087 1436 vexerunt
1106 1396 1210 1434 vinc-

257 1458 342 1489 tum
361 1464 440 1490 rus,

463 1507 581 1544 Leon.
609 1506 765 1544 Memor
784 1519 822 1544 es
840 1507 966 1557 probe.
1156 1504 1206 1547 75

97 1558 260 1604 Verum,
288 1558 329 1596 in
356 1560 541 1598 tonstrina
568 1568 612 1597 ut
637 1560 827 1607 sedebam,
855 1572 918 1597 me
944 1558 1029 1596 infit
1052 1569 1210 1610 percon-

258 1612 384 1659 tader,

98 1665 273 1717 Ecquem
291 1665 415 1704 filium
434 1667 620 1706 Stratonis
638 1666 807 1706 noverim
825 1666 1094 1704 Demaenetum
1111 1667 1129 1704 ἒ

99 1717 200 1757 Dico
218 1731 298 1809 meli
296 1719 446 1758 novisse
470 1721 675 1772 extemplo,
695 1729 733 1759 et
749 1733 812 1758 me
830 1721 912 1770 ejus
939 1732 1091 1758 servum
1114 1731 1210 1768 prae-

299 1785 342 1810 co

98 1824 208 1873 Esse,
228 1832 265 1863 et
283 1825 394 1865 aedeis
410 1826 665 1867 demonstravi
682 1838 840 1867 nostras.

660 1883 798 1920 Liban.
826 1881 935 1929 Quid
953 1888 1036 1918 tum
1051 1889 1182 1930 postea
1193 1879 1211 1915 ?

102 1933 220 1971 Leon.
249 1932 319 1970 Ait
337 1945 376 1972 se
393 1935 442 1972 ob
460 1934 583 1974 asinos
599 1935 698 1974 ferre
722 1943 923 1987 argentum
945 1933 1096 1973 atriensi
1116 1934 1212 1972 Sau-

261 1999 348 2033 reae,
1161 1988 1212 2023 80

102 2039 252 2090 Viginti
270 2040 394 2100 minas
412 2053 425 2085 3
455 2039 520 2078 sed
538 2052 627 2079 eum
648 2054 727 2080 sese
740 2054 817 2080 non
834 2042 981 2081 novisse
1001 2040 1211 2085 hominem,

263 2106 331 2144 qui
350 2102 432 2133 met.

103 2145 236 2196 Ipsum
257 2159 344 2184 vero
363 2161 401 2185 se
419 2147 565 2185 novisse
583 2148 717 2186 (allide
735 2148 1016 2188 Demaenetum.
