1412 2427
424 39 726 82 ASINARIA.
755 40 839 79 111.
866 41 905 78 3.
1143 42 1219 80 103

793 148 914 185 Leon.
932 145 1106 185 Eveniet„
1136 148 1213 187 130

98 201 253 251 Argyr.
285 199 403 252 Opto,
423 213 569 239 annum
592 200 696 240 hunc
713 208 957 252 perpetuum,
975 199 1073 238 mihi
1095 200 1213 250 hujus

257 267 281 293 o
329 266 400 293 ras.

281 267 329 306 Pe
408 310 525 346 Leon.
546 307 781 360 Impetristi.

96 363 252 413 Argyr.
273 361 384 400 Ai'n'
405 361 518 400 vero?

325 417 442 453 Leon.
465 413 591 462 Certe,
610 416 782 467 inquam.

481 470 620 507 Liban.
648 469 717 507 Ad
734 482 797 508 me
815 468 878 506 adi
896 467 1074 511 vicissim,
1093 474 1208 520 atque

575 523 756 574 experire.

94 576 252 627 Exopta
269 575 322 623 id,
343 576 447 627 quod
465 576 520 614 vis
537 589 722 615 maxume
739 575 810 614 tibi
828 575 999 614 evenire:
1030 575 1106 613 fiet.

93 631 132 668 A
138 643 248 680 rgyr
268 629 376 691 Quid
395 642 463 680 ego
483 630 589 668 aliud
606 638 784 681 exoptem
801 629 982 680 amplius,
1001 628 1076 667 nisi
1093 629 1208 678 illud,

252 685 390 735 quojus
406 683 535 744 inopia
551 683 611 730 ἐμ

93 737 132 776 V
134 737 245 789 iginti
273 737 419 787 argenti
447 737 664 775 commodas
690 737 829 784 minas,
854 736 971 787 hujus
997 750 1091 789 quas
1117 737 1205 775 dem

253 790 379 828 matri.
1131 791 1206 828 135

95 845 235 882 Libau.
265 845 499 883 Dabuntur:
533 844 662 883 animo
689 844 738 883 sis
765 847 866 883 bono
891 842 999 882 face.
1029 852 1207 896 exoptata

253 897 462 949 obtingent.

94 952 132 990 A
138 952 596 1042 rgyr.FIglftucggsuevfire,
616 950 790 989 homines
817 951 930 991 Salus
948 950 1151 990 frustratur
1169 959 1206 990 et

94 1060 210 1096 Leon.
241 1058 328 1108 Ego
346 1066 460 1108 caput
476 1058 566 1096 huic
585 1064 740 1109 argento
757 1058 815 1096 fui
838 1058 952 1096 hodie
969 1058 1207 1110 reperiundo.

96 1113 235 1149 Liban.
254 1111 341 1161 Ego
359 1123 425 1160 pae
442 1111 511 1149 fui.

307 1165 414 1213 Arg
400 1178 462 1213 st
482 1164 590 1212 Quin
608 1176 678 1204 nec
691 1171 806 1215 caput
819 1176 887 1202 nec
904 1177 970 1216 pes
988 1177 1205 1204 sermonum

94 1272 193 1320 Nec,
224 1270 318 1323 quid
347 1226 595 1319 ᾱῖἕέζῗῐῃοε
624 1284 686 1309 me
715 1284 782 1309 cur
808 1270 963 1320 ludatis,
995 1272 1087 1310 scire
1113 1284 1202 1323 pos-

94 1380 234 1418 Liban.
255 1337 407 1417 SSugEs'
393 1379 475 1427 jam
502 1377 680 1417 delusum
707 1390 861 1417 censeo.
900 1390 1003 1417 nunc
1030 1326 1204 1427 remfiitt)

255 1440 323 1477 ast,
345 1432 579 1482 eloquamur.

93 1485 300 1531 Animum,
321 1485 558 1546 ᾼτξςχτίρρε,
587 1485 740 1524 advorte
763 1484 825 1524 sis.
880 1486 996 1524 Pater
1014 1498 1084 1524 nos
1108 1485 1203 1524 ferre

92 1539 321 1644 Argenttlilgic
333 1546 449 1630 ἐὲεῐὲῒ

261 1647 354 1696 Arg
353 1660 415 1695 J
434 1647 490 1685 Ut
507 1654 676 1708 tempore
694 1653 981 1706 opportuneque
998 1647 1203 1685 attulistis!

94 1701 232 1737 Liban.
260 1699 338 1737 Hic
358 1700 509 1738 inerunt
528 1700 663 1751 viginti
689 1700 805 1737 minae
822 1702 946 1748 bonae,
968 1701 1071 1738 mala
1089 1713 1203 1750 opera

94 1806 180 1845 Has
198 1760 490 1857 fibpzrgagepm
507 1807 654 1858 legibus
674 1806 762 1844 dare
777 1807 900 1855 jussit.

476 1862 631 1911 Argyr.
665 1860 772 1908 Quid
790 1861 830 1898 id
849 1869 919 1908 est,
938 1860 1094 1912 quaeso?
1126 1860 1201 1898 145

94 1914 234 1951 Liban.
255 1913 418 1951 Noctem
437 1913 553 1963 hujus
572 1922 608 1952 et
627 1926 771 1953 coenam
792 1915 862 1952 sibi
881 1924 925 1953 ut
942 1915 1064 1953 dares.

562 1969 714 2018 Argyr.
733 1967 760 2006 J
764 1970 836 2006 ube
854 1968 1044 2013 advenire,
1064 1980 1204 2020 quaeSO.

93 2020 358 2060 Meritissumo
384 2021 481 2070 ejus,
511 2033 598 2072 quae
625 2022 739 2070 volet,
768 2020 963 2072 faciemus,
993 2021 1061 2074 qui
1092 2021 1203 2060 hosce

94 2086 466 2178 Nostrosattlnigffisos
485 2128 682 2179 compulit.
