1412 2427
430 41 771 81 BACCHIDES.
801 41 835 78 Ι.
871 42 904 79 1.
1151 41 1224 86 167

114 147 350 208 sapientium
379 147 547 197 profecto
566 149 614 186 'st
641 147 740 186 illud
768 147 927 194 dictum,
959 147 1061 199 quod
1092 146 1226 228 Ιιγᾶὲιε

111 253 154 291 Si
173 207 515 293 Ammm{a;.on
533 254 752 302 Bromium,
772 254 952 305 Deosque
969 201 1219 304 voluptarigs3

111 306 323 345 Contemsit
337 308 504 356 juvenis,
517 308 549 347 is
568 316 635 347 aut
648 308 828 347 insanibit
847 316 915 346 aut
933 307 1076 345 amabit
1095 320 1223 346 senex.

110 359 290 398 Referam
310 374 373 400 me
391 362 440 400 ad
459 362 658 414 scopulum
677 375 725 401 ex
743 362 965 413 naufragio:
996 368 1102 412 pater
1126 361 1226 411 leget

267 414 470 466 fragmina.
1166 415 1221 451 26

114 466 279 518 Sequere
297 480 374 515 me,
395 468 517 520 Lyde.
546 469 670 508 Video
688 481 831 508 sororae
849 469 1032 520 geminas
1054 466 1224 505 Baccha-

270 521 334 559 nal
351 534 496 560 meum.

436 594 757 647 [Suppositorum
767 596 900 647 finis]

382 731 572 772 ACTUS
601 731 636 770 I.
690 731 877 771 SCENA
907 732 943 771 Ι.

333 838 624 877 ΒΑεςΗιυι-ῑε.
667 839 997 878 PlsTOCLERcs.

108 947 206 983 Bac.
223 947 262 984 I.
291 944 399 994 Quid
418 945 450 983 si
467 945 540 983 hoc
558 944 728 996 potiu'st‚
747 952 792 983 ut
810 953 944 990 taceaS,
968 957 1038 996 ego
1055 946 1221 998 loquar?

717 1001 814 1037 Bac.
835 1001 901 1037 II.
930 999 1099 1050 Lepide:
1123 1000 1222 1038 licet.

107 1055 204 1091 Bac.
232 1054 272 1091 I.
310 1051 391 1091 Ubi
417 1064 480 1089 me
508 1051 629 1102 fugiet
656 1052 852 1097 memoria,
877 1051 932 1090 ibi
961 1060 1003 1090 tu
1035 1052 1147 1091 facito
1178 1062 1222 1091 ut

268 1105 483 1151 subvenias,
503 1117 616 1142 soror.

109 1162 207 1198 Bac.
225 1161 292 1197 II.
323 1159 410 1205 Pol,
439 1158 563 1208 magis
589 1165 734 1207 metuo,
762 1159 859 1197 mihi
885 1158 923 1196 in
955 1159 1145 1197 monendo
1174 1171 1223 1199 ne

266 1212 429 1251 defuerit
446 1212 576 1250 oratio.

108 1269 204 1304 Bac.
225 1269 264 1304 I.
295 1266 380 1313 Pol,
408 1278 478 1316 ego
499 1279 651 1318 quoque
673 1273 817 1314 metuo,
846 1265 1055 1305 lusciniolae
1082 1279 1130 1305 ne
1157 1266 1222 1306 de-

264 1319 379 1358 fuerit
397 1319 534 1358 cantio.

106 1376 270 1426 Sequere
283 1373 366 1412 hac.

386 1428 493 1465 Pist.
519 1426 628 1474 Quid
646 1436 766 1478 agunt
784 1428 869 1466 duae
889 1440 1081 1479 germanae
1098 1441 1221 1467 mere-

487 1480 597 1518 trices
615 1481 857 1531 cognomines
868 1482 887 1519 ?
1194 1485 1218 1520 5

105 1535 214 1584 Quid
231 1534 272 1573 in
290 1534 448 1573 concilio
466 1534 706 1573 consuluistis
722 1537 739 1573 ,⁹

438 1590 538 1626 Bac.
565 1588 686 1626 Bene.

531 1643 635 1679 Pist.
659 1641 747 1689 Pol,
765 1641 870 1680 haud
889 1643 1146 1682 meretricium
1160 1644 1218 1682 'st-

105 1697 204 1732 Bac.
232 1693 418 1734 Miserius
435 1695 532 1734 nihil
551 1703 607 1733 aet
625 1707 743 1746 quam
756 1696 906 1734 mulier.

562 1750 668 1787 Pist.
697 1749 806 1796 Quid
825 1763 902 1788 esse
920 1749 1012 1788 dicis
1030 1749 1184 1801 dignius
1200 1753 1218 1789 ?

104 1804 201 1840 Bac.
231 1801 329 1840 Haec
349 1801 403 1840 ita
423 1815 487 1841 me
510 1809 605 1850 orat,
633 1802 705 1841 sibi
723 1802 791 1854 qui
815 1811 959 1851 caveat,
982 1803 1150 1855 aliquem
1176 1812 1220 1842 ut

264 1855 461 1895 hominem
478 1856 678 1908 reperiam,

102 1908 168 1948 Ab
186 1909 279 1948 istoc
293 1908 438 1948 milite:
467 1917 526 1957 ut,
544 1909 613 1948 ubi
637 1910 838 1949 emeritum
860 1911 932 1950 sibi
953 1910 1016 1959 sit,
1036 1924 1075 1950 se
1095 1919 1140 1949 ut
1162 1925 1218 1950 re-

261 1962 373 2001 vehat
391 1963 565 2002 domum.

104 2016 168 2065 Id,
187 2017 326 2056 amabo
343 2024 394 2063 te,
414 2016 505 2055 huic
523 2029 665 2056 caveas.

374 2071 480 2110 Pist.
508 2068 617 2118 Quid
634 2071 697 2110 isti
716 2083 869 2109 caveam
886 2074 904 2111 ‚⁹

544 2126 641 2161 Bac.
669 2125 726 2163 Ut
744 2124 943 2164 revehatur
960 2125 1134 2171 domum,
1168 2124 1216 2161 10
