1412 2427
178 39 258 78 282
543 36 771 76 CASINA.
799 37 857 76 11.
886 39 925 77 3.

177 140 275 178 Stal.
302 139 438 190 Egone
455 139 496 177 in
513 139 633 179 lustra
645 143 664 179 Ρ

340 194 441 231 Cleo.
469 193 554 232 Scio
571 193 674 245 plus,
694 206 811 245 quam
830 201 872 232 tu
888 207 951 232 me
968 193 1159 232 arbitrare.

812 249 910 286 Stal.
939 247 1046 295 Quid
1065 247 1104 285 id
1123 248 1211 286 est?
1230 248 1282 292 27

174 299 282 348 Quid
300 306 341 338 tu
361 299 430 337 scis
443 301 461 338 Ρ

343 354 445 391 Cleo.
473 353 533 391 Te
551 366 638 392 sene
655 353 827 392 omnium
847 367 982 393 senum
1000 353 1192 392 neminem
1207 365 1286 392 esse

439 406 683 456 ignaviorem.

179 459 291 497 Unde
310 459 356 505 is,
377 460 486 497 nihili
500 462 517 497 Ρ
547 460 612 497 ubi
631 460 769 498 fuisti?
797 462 865 499 ubi
889 462 1071 499 lustratus
1084 461 1102 498 ἓ
1129 458 1198 498 ubi
1223 458 1284 497 bi-

335 513 423 550 bisti
437 515 454 550 Ρ

102 554 112 559 ’
177 565 225 603 Id
244 572 313 613 est,
332 574 538 604 mecastor:
571 567 669 614 vide,
689 567 887 618 palliolum
906 574 950 605 ut
968 573 1092 617 rugat.

570 622 667 657 Stal.
696 621 763 657 Dii
780 633 843 657 me
861 627 897 657 et
915 628 951 658 te
969 620 1203 664 infelicitent,
1232 619 1286 658 30

175 672 216 711 Si
234 685 302 723 ego
320 672 359 709 in
378 685 419 710 os
437 684 568 710 meum
585 673 697 711 hodie
716 673 793 710 vini
812 681 960 724 guttam
979 673 1112 710 indidi.

706 728 808 765 Cleo.
840 727 968 764 Immo
985 739 1069 777 age,
1088 733 1134 764 ut
1150 726 1281 764 lubet:

174 779 288 827 Bibe,
306 792 359 827 es,
379 778 551 830 disperde
570 792 662 817 rem.

456 833 551 870 Stal.
582 832 694 871 Ohe!
723 833 803 881 jam
819 832 922 880 satis,
942 845 1052 880 uxor,
1073 840 1128 871 est
1141 848 1152 870 ι
1182 845 1286 871 com-

557 885 679 935 prime
698 893 757 923 te:
789 885 953 923 nimium
973 885 1102 924 tinnis.

177 938 367 990 Relinque
396 938 636 989 aliquantum
666 938 860 985 orationis,
893 951 973 976 cras
1002 939 1105 990 quod
1135 951 1285 979 mecum

335 992 473 1040 litiges.

177 1045 250 1083 Sed
266 1044 358 1095 quid
373 1044 426 1082 ais
437 1044 454 1079 ’ἓ
480 1045 560 1093 jam
575 1044 755 1083 domuisti
768 1044 955 1094 animum,
970 1045 1097 1096 potius
1112 1053 1169 1095 ut,
1185 1046 1288 1098 quod

337 1098 392 1135 vir
412 1097 502 1135 velit

178 1151 291 1199 Fieri,
313 1151 352 1188 id
371 1151 498 1200 facias,
519 1163 636 1203 quam
655 1151 850 1190 adversere
867 1151 1025 1190 contra?

787 1207 890 1244 Cleo.
921 1205 1013 1253 Qua
1031 1205 1079 1244 de
1097 1205 1165 1244 re?

920 1261 1024 1299 Stat.
1053 1260 1184 1310 Rogas
1198 1261 1216 1297 ?
1236 1261 1288 1298 35

179 1312 300 1362 Super
314 1312 452 1350 ancilla
467 1311 621 1359 Casina,
640 1319 683 1349 ut
697 1311 807 1349 detur
823 1320 990 1362 nuptum
1008 1320 1136 1351 nostro
1150 1312 1288 1361 villico,

178 1366 293 1403 Servo
307 1365 421 1416 frugi,
437 1374 551 1417 atque
564 1365 630 1404 ubi
649 1365 705 1402 illi
717 1367 813 1403 bene
826 1365 887 1415 sit,
902 1366 1022 1416 ligno,
1037 1365 1138 1418 aqua
1152 1365 1288 1415 calida,

178 1421 453 1532 Vesfimggtglss
493 1472 654 1523 ubi-que
678 1471 812 1511 educat
841 1484 992 1523 pueros,
1025 1484 1121 1523 quos
1151 1472 1289 1523 pariat,

181 1579 311 1623 Quam
338 1535 529 1639 iiiimsldrvo
547 1591 713 1630 nequam
732 1579 796 1617 des
819 1579 1017 1629 armigero,
1040 1577 1150 1616 nihili
1175 1585 1289 1630 atque

178 1685 283 1733 Quoi
310 1634 595 1724 holssikidcibssodie
622 1685 748 1737 peculi
775 1697 959 1724 nummus
985 1697 1063 1722 non
1082 1692 1138 1723 est
1159 1685 1290 1736 plum-

182 1793 284 1830 Cleo.
321 1740 486 1840 Bki‘iiidin,
522 1791 700 1845 (ecastor)
733 1800 770 1831 te
803 1792 951 1831 senecta
982 1798 1092 1831 aetate
1123 1740 1292 1830 officiuiii

342 1853 454 1883 tuum

180 1899 273 1937 Non
290 1899 508 1938 meminisse
525 1900 535 1937 Ξ

343 1954 440 1991 Stal.
471 1953 577 2002 Quid
592 1954 676 2002 jam
690 1956 708 1992 ἓ

659 2009 762 2046 Cleo.
791 2007 909 2055 Quia,
929 2006 961 2045 si
977 2005 1092 2044 facias
1108 2011 1207 2044 recte
1226 2013 1294 2044 aut

765 2060 978 2109 commode,

173 2114 244 2152 Me
263 2113 361 2153 sinas
381 2126 511 2153 curate
530 2113 712 2161 ancillas3
743 2127 830 2166 quae
849 2127 936 2152 mea
955 2119 1010 2152 est
1029 2112 1185 2151 curatio.
