1412 2427
169 33 242 69 148
451 31 810 71 AULULARIA.
839 33 913 72 IV.
943 35 982 72 9.

163 137 370 187 Multoque
387 135 492 186 prius
509 149 571 174 me
588 137 765 176 collocavi
782 138 821 176 in
840 140 1035 177 arboremz
1239 139 1266 177 6

164 189 336 241 Indeque
353 189 618 239 adspectabam
636 190 703 228 ubi
721 203 856 228 aurum
875 191 1118 230 abstrudebat
1136 203 1263 230 senex.

164 243 244 282 Ubi
262 242 326 281 ille
343 242 449 289 abiit,
468 255 538 293 ego
556 254 618 280 me
634 242 808 281 deorsum
826 243 923 281 duco
940 243 986 282 de
1003 245 1158 290 arbore3

163 296 315 334 Effodio
332 295 460 333 aulam
477 295 560 332 auri
578 295 755 346 plenam:
784 295 872 334 inde
890 309 1009 334 exeo:
1038 297 1141 336 illico

167 349 291 388 Video
308 348 468 399 recipere
485 360 524 386 se
542 360 667 386 senem
684 361 695 385 x
724 348 788 386 ille
806 361 869 386 me
886 361 962 387 non
981 349 1094 388 videt.
1218 351 1270 389 10

166 402 272 441 Nam
291 414 360 452 ego
378 399 491 438 modo
509 400 693 439 declinavi
709 402 869 452 paulum
886 414 949 439 me
967 409 1073 440 extra
1090 403 1206 441 viam.

166 455 284 494 Atat!
316 466 445 492 eccum
463 453 602 505 ipsum.
648 452 732 502 Ibo,
752 462 796 492 ut
812 455 884 492 hoc
902 454 1076 504 condam,
1096 456 1269 495 domum.

411 615 594 656 ACTUS
615 615 691 655 IV.
749 615 932 654 SCENA
952 615 1029 653 IX.

466 722 659 760 Eueno.
685 721 972 759 chomnns.

170 831 271 868 Eue.
293 827 419 867 Perii!
449 826 598 866 interii!
629 825 767 867 occidi!
798 838 875 878 quo
892 829 1072 866 curram?
1099 840 1177 880 quo
1193 839 1271 867 non

326 880 503 920 curram?

171 935 293 982 Tene,
322 935 429 972 tene!
473 933 620 984 quem?
658 932 770 984 quis?
809 932 963 979 naeci03
1000 932 1098 971 nihil
1133 933 1268 980 vide03

329 999 449 1025 caecus
465 999 534 1032 eo;
563 994 677 1037 atque

171 1039 378 1092 Equidem,
412 1051 488 1090 quo
516 1051 614 1086 eam,
651 1045 718 1077 aut
754 1038 820 1077 ubi
857 1038 943 1087 sim,
981 1045 1048 1078 aut
1077 1038 1146 1091 qui
1181 1038 1270 1087 sim,

328 1104 473 1143 nequeo
493 1104 579 1131 cum
597 1092 725 1130 animo

170 1146 330 1185 Certum
347 1145 581 1196 investigare.
635 1145 803 1184 Obsecro
820 1156 885 1183 vos
903 1157 986 1196 eg0‚
1001 1145 1097 1183 mihi
1115 1145 1272 1193 auxilio,

168 1200 264 1247 Oro,
292 1200 468 1245 obtestor,
497 1198 592 1246 sitis,
621 1206 658 1236 et
683 1198 878 1236 hominem
902 1198 1177 1248 demonstretis,
1206 1199 1275 1250 qui

330 1264 414 1289 eam
432 1251 641 1298 abstulerit,
1247 1253 1274 1289 5

172 1305 255 1354 Qui
281 1305 417 1342 vestitu
450 1312 487 1342 et
515 1304 615 1342 creta
642 1303 832 1342 occultant
859 1315 952 1352 sese,
984 1310 1098 1356 atque
1127 1303 1273 1352 sedent,

330 1357 438 1408 quasi
456 1357 531 1395 sint
549 1357 662 1408 frugi.

174 1410 281 1459 Quid
312 1410 367 1448 ais
396 1417 437 1447 tu
452 1412 470 1448 ἓ
508 1409 577 1448 tibi
606 1409 752 1448 credere
779 1417 921 1447 certum
949 1410 1022 1447 ’stt
1063 1422 1168 1458 nam,
1196 1422 1276 1449 esse

331 1465 490 1509 bonum,
510 1476 530 1500 e
548 1462 652 1500 voltu
672 1473 867 1511 cognosco-

173 1516 280 1565 Quid
303 1517 392 1554 est?
421 1515 514 1565 quid
540 1515 700 1552 ridetis?
753 1515 857 1552 Novi
883 1515 1050 1553 omneis:
1081 1515 1156 1554 scio
1173 1515 1276 1554 fures

331 1580 408 1606 esse
426 1568 489 1604 hic
508 1566 744 1617 complui-eis.

174 1621 304 1660 Hem!
336 1633 447 1657 nemo
464 1620 577 1657 habet
594 1620 743 1657 horum.
802 1619 994 1658 Occidisti.
1050 1621 1126 1659 Dic
1144 1620 1274 1671 igitur,

332 1673 416 1724 quis
434 1673 577 1710 habet?
605 1671 748 1710 nescis!

174 1728 265 1766 Heu
287 1739 349 1763 me
368 1726 572 1763 miserum!
604 1725 809 1762 miserum!
840 1725 934 1775 perii
956 1726 1056 1764 male
1079 1727 1273 1777 perditus!

330 1792 504 1829 pessume
521 1786 673 1816 ornatus
693 1790 748 1815 eo.
1227 1781 1276 1819 10

173 1833 346 1872 Tantum
383 1831 515 1932 guqeiiz’iti
546 1839 583 1869 et
614 1832 724 1868 malae
752 1831 944 1869 moestitiae
975 1831 1037 1870 hic
1068 1831 1148 1871 dies
1178 1833 1275 1871 mihi

329 1886 393 1922 obt
436 1898 450 1921 1

171 1939 331 1978 Famem
350 1945 387 1998 et
404 1937 641 1998 pauperiem:
672 1936 960 1988 perditissumus
987 1950 1057 1989 ego
1078 1950 1164 1976 sum
1188 1950 1276 1977 om-

329 2003 438 2028 mum
455 2003 496 2028 111
516 1991 625 2029 terra.

167 2047 271 2085 Nam
290 2043 505 2136 (1ῗῇῗὶὴί
523 2056 617 2095 opus
635 2050 688 2082 eet
708 2042 796 2089 vita,
817 2043 883 2094 qui
902 2050 1050 2082 tantum
1077 2043 1160 2082 auri
1187 2056 1273 2095 per-

351 2110 363 2134 1
417 2125 424 2133 .
