1412 2427
195 29 269 67 108
517 26 822 66 ASINARIA.
853 26 905 65 V.
938 27 973 64 1.

191 135 295 174 vino
327 141 364 172 et
395 145 565 172 sermone
597 133 715 171 suavi.
771 133 873 170 Nolo
906 144 975 183 ego
1001 131 1119 170 metui
1136 144 1147 177 ;
1177 130 1298 169 amari

348 186 512 232 mavolo,
1267 184 1292 220 8

192 241 256 279 Mi
273 248 400 292 gnate,
420 252 482 277 me
499 241 565 277 abs
584 247 634 277 te.

533 293 683 342 Argyr.
705 291 790 337 Pol,
811 304 880 341 ego
898 299 1104 344 utrumque
1122 290 1232 337 facio,
1253 296 1297 327 ut

590 358 745 397 aequum
762 344 809 382 ’st
827 345 963 382 filium.

191 403 367 439 Demaen.
387 398 548 438 Credam
567 398 676 445 istuc,
696 398 728 435 si
747 411 824 435 esse
843 405 879 435 te
896 398 1060 435 hilarum
1079 396 1218 434 videro.

425 453 578 502 Argyr.
594 452 661 489 An
682 458 723 488 tu
745 463 822 488 aese
840 463 902 488 me
921 450 1065 488 tristem
1083 450 1224 500 putas?
1248 449 1296 485 10

192 511 370 546 Demaen.
390 506 530 543 Putem
549 507 648 556 ego?
677 517 791 555 quem
806 503 953 540 videam
974 515 1080 553 aeque
1106 514 1184 540 esse
1202 513 1295 539 moe-

351 566 468 604 stum,
488 565 533 595 ut
550 558 657 609 quasi
675 557 754 595 dies
772 557 803 594 si
822 556 922 594 dicta
940 555 998 595 sit.

193 615 230 652 A
237 626 346 663 rgyr.
367 612 430 650 Ne
447 610 547 648 dixis
563 611 672 648 istuc.

498 663 673 702 Demoen.
694 663 758 701 Ne
775 663 828 701 sic
846 662 985 707 fueris3
1015 662 1116 700 illico
1133 673 1203 711 ego
1220 671 1297 698 non

563 717 704 755 dixero.

193 774 347 822 Argyr.
366 771 471 809 Hem
487 771 497 808 ἱ
526 770 724 821 adspecta:
754 768 870 807 rideo.

444 826 617 862 Demaen.
637 823 811 870 Utinam,
831 821 931 860 male
949 822 1016 872 qui
1033 821 1130 859 mihi
1148 820 1296 866 volunt,

537 877 588 914 sic
607 875 776 913 rideant!

194 933 348 982 Argyr.
379 930 464 968 Scio
492 929 668 981 equidem
701 929 950 979 quamobrem
985 940 1064 974 me,
1100 934 1221 978 pater,
1254 933 1297 964 tu

351 983 495 1021 tristem
515 982 640 1020 credas
658 993 760 1018 nunc
779 981 874 1025 tibi3

194 1037 298 1087 Quia
322 1037 423 1074 istaec
440 1044 494 1073 est
513 1044 651 1073 tecum.
693 1035 826 1084 Atque
845 1046 914 1084 ego
933 1033 1110 1084 equidem
1130 1032 1299 1080 (hercle)

351 1096 395 1127 ut
413 1100 545 1126 verum
564 1087 633 1126 tibi
651 1087 789 1132 dicam,
808 1094 928 1137 pater,
1220 1096 1223 1098 ·
1251 1086 1299 1123 15

194 1144 255 1183 Ea
271 1155 330 1181 τω
347 1142 448 1180 male
465 1141 600 1232 hssset:
625 1153 667 1178 ac
685 1151 761 1178 non
780 1152 837 1187 eo,
859 1139 952 1190 quin
971 1139 1040 1177 tibi
1058 1151 1134 1178 non
1149 1139 1299 1191 cupiam

379 1209 438 1233 uae
457 1208 501 1232 ve
563 1209 573 1232 ε

195 1209 471 1308 νεωωῗετειῳ
491 1260 599 1285 amo:
631 1246 746 1285 aliam
764 1254 890 1284 tecum
909 1258 986 1284 esse
999 1245 1175 1297 equidem
1194 1245 1303 1284 facile

354 1314 495 1353 possim
513 1307 669 1351 perpeti.

197 1359 375 1396 Demaen.
394 1356 446 1393 At
463 1366 532 1404 ego
549 1353 647 1391 hanc
665 1353 762 1391 volo.

455 1409 610 1456 Argyr.
631 1407 735 1457 Ergo
754 1412 856 1453 sunt,
879 1417 965 1455 quae
984 1413 1140 1455 exoptas
1153 1420 1164 1442 ε
1193 1405 1303 1452 mihi,

199 1517 374 1552 Demaen.
393 1513 529 1551 Unum
556 1459 1210 1562 hdssffffi'geffmezzffi'reioqtdoniam
1233 1512 1302 1550 tibi

355 1572 577 1616 potestatem
597 1563 698 1611 dedi,

201 1620 302 1658 Cum
329 1618 401 1656 hac
419 1630 562 1679 {unum
581 1627 625 1656 ut
643 1630 752 1664 esse8‚
773 1623 888 1667 atque
906 1617 1050 1655 amanti
1069 1618 1213 1668 argenti
1232 1617 1303 1656 feci

358 1684 517 1722 copram.
1248 1673 1301 1709 20

202 1727 356 1777 Argyr.
377 1725 478 1763 Hem
496 1724 505 1761 !
535 1723 626 1761 istoc
644 1735 706 1760 me
724 1722 821 1761 facto
840 1723 910 1760 tibi
927 1723 1109 1762 devinxti.

426 1779 601 1816 Demaen.
620 1775 726 1823 Quin
747 1784 784 1814 te
802 1788 890 1826 ergo
907 1776 1074 1816 hilarum
1092 1778 1159 1816 das
1178 1776 1299 1815 mihi?
