1412 2427
151 70 227 106 222
460 66 795 105 BACCHIDES.
825 66 877 103 V.
911 67 947 102 ’2.

318 174 425 211 Phil.
444 173 551 220 Quid
569 185 658 223 agas
669 172 687 208 ἶ)
717 173 876 223 Rogitas
894 171 1035 210 etiarn?

669 227 720 263 N
720 228 766 263 ic.
786 225 912 271 Libet,
935 231 972 261 et
988 231 1131 262 metuo.

789 281 887 316 Bac.
910 279 949 315 I.
968 276 1076 323 Quid
1094 276 1231 315 metuis
1247 280 1263 315 ἓ

162 336 258 373 Nic.
282 334 345 372 Ne
361 333 547 372 obnoxius
565 333 644 371 filio
662 333 748 381 sim,
768 340 806 370 et
823 343 939 370 servo.

329 389 428 425 Bac.
449 389 487 426 I.
506 386 593 424 Mel
610 398 740 424 meum
756 386 766 422 ἔ
797 385 945 427 amabo,
966 383 1068 421 istaec
1085 383 1198 421 fiunt.
1217 384 1269 420 80

161 441 273 478 Tuus
291 447 370 478 aet:
400 439 502 478 unde
521 439 632 477 illum
652 451 777 477 censes
795 449 957 484 sumere,
977 435 1049 474 nisi
1067 435 1170 488 quod
1190 443 1270 474 tute

318 493 376 530 illi
393 492 538 531 dederis
551 495 568 530 ἲ

163 547 276 585 Hanc
295 546 442 584 veniam
461 545 536 584 inis
554 545 634 583 sine
652 552 688 583 te
706 556 872 583 exorem.

482 601 578 636 IVe‘c.
599 599 654 637 Ut
673 597 852 636 terebrat!
885 596 1019 635 Sati'n’
1040 595 1271 634 offirmatum

163 652 280 702 Quod
307 652 403 690 mihi
431 660 523 698 erat,
548 651 588 689 id
616 665 677 689 me
696 653 854 689 exorat?
883 648 947 687 tua
972 661 1058 687 sum
1085 649 1213 700 opeffa,
1235 657 1271 687 et

321 714 473 756 propter
491 712 542 749 te,
561 705 780 754 improbior.

164 763 261 798 Bac.
280 761 318 797 Ι.
338 759 543 810 Nusquam
562 770 624 796 me
643 771 665 795 a
684 765 719 795 te
737 757 885 796 avelles.
940 754 1076 793 Sati‘n'
1090 768 1161 805 ego
1179 755 1275 793 istuc

323 811 444 849 habeo
461 811 691 850 offirmatum
702 810 721 847 ¹?

168 867 265 903 Nic.
285 864 402 912 Quod
421 864 536 902 semel
554 863 650 910 dixi,
670 861 775 901 haud
793 864 964 901 mutabo.

404 921 500 955 Bac.
521 920 559 955 I.
582 918 621 955 It
638 917 743 965 dies;
771 916 822 953 ite
841 915 940 953 intro
959 914 1188 953 accubitum.
1220 916 1271 952 85

167 972 258 1011 Filii
278 984 342 1010 vos
361 978 579 1021 exspectant
595 970 710 1007 intus.

399 1026 450 1062 N
452 1026 495 1060 ἱσ.
516 1023 647 1070 Quam
667 1021 822 1074 quidem
842 1029 1013 1060 actutum
1033 1020 1276 1060 emotiamur.

168 1083 263 1117 Bac.
283 1081 322 1116 I.
339 1078 484 1128 Vesper
501 1077 566 1114 hic
584 1083 662 1121 est;
692 1075 907 1126 sequimini.

475 1131 583 1168 ΡΙιὶῐ.
601 1129 740 1168 Ducite
754 1141 836 1174 nos,
851 1141 928 1179 quo
939 1129 1060 1177 lubet,
1080 1135 1277 1179 tamquam

594 1183 749 1234 quidem
768 1181 950 1220 addictos.

170 1243 265 1278 Bac.
279 1242 317 1277 I.
337 1237 480 1287 Lepide
499 1237 570 1288 ipsi
587 1236 628 1274 hi
647 1243 736 1274 sunt
747 1235 859 1286 capti,
881 1235 957 1273 suis
975 1235 1042 1286 qui
1056 1233 1278 1282 filiis‘fecexe

329 1290 493 1329 insidias.
552 1290 621 1327 Ite.

645 1447 813 1485 GREX.

175 1558 231 1595 Hi
245 1569 364 1603 senes,
381 1556 453 1593 nisi
466 1555 624 1593 fuissent
637 1552 747 1590 nihili
756 1553 837 1601 jam
852 1551 941 1589 inde
954 1553 1002 1589 ab
1016 1549 1280 1596 adolescentia,

177 1611 268 1648 Non
287 1609 399 1648 hodie
416 1609 487 1646 hoc
505 1614 655 1645 tantum
674 1605 862 1657 flagitium
880 1605 1043 1644 facerent
1060 1603 1163 1642 canis
1183 1603 1284 1654 capi-

176 1716 217 1754 N
220 1729 315 1767 eque
334 1664 435 1806 ἓξὲξ
458 1714 538 1752 haec
560 1713 780 1760 faceremus,
810 1712 851 1750 ni
879 1711 1038 1750 antehac
1057 1658 1282 1749 vidissemffl

364 1781 430 1811 en,

178 1824 234 1861 Ut
252 1821 353 1873 apud
371 1821 524 1858 lenones
542 1819 674 1858 rivales
694 1819 781 1857 filiis
799 1818 932 1857 fierent
949 1826 1084 1870 patres.

178 1877 426 1965 speetamlues’
459 1886 524 1912 vos
554 1874 676 1912 valere
704 1873 894 1919 volumus,
924 1880 961 1910 et
991 1872 1091 1910 clare
1123 1869 1282 1921 applau-

388 1939 455 1965 ere.
