1412 2427
409 42 634 82 CASINA
666 42 817 80 1114.
1095 40 1177 77 299

64 147 173 196 Quid
193 149 262 188 tibi
276 147 486 187 mandavi?
515 149 609 201 quid
626 156 753 188 tecum
771 148 899 187 oravi
889 150 907 176 ⁹

790 203 878 239 Alc.
906 201 1015 249 Quid
1034 199 1117 239 est?
1148 201 1173 235 5

65 256 164 294 Stal.
196 255 252 294 Ut
270 257 366 294 bene
383 255 530 294 vacivas
550 255 660 294 aedeis
677 255 798 294 fecisti
815 255 938 292 mihi!

65 309 121 347 Ut
140 309 340 348 traduxisti
357 309 433 348 huc
450 309 501 347 ad
518 321 586 347 nos
604 321 765 347 uxorem
783 315 891 346 tuam
907 309 916 346 !

64 363 215 409 Sati'n'‚
232 370 385 415 propter
402 370 452 410 te,
472 375 583 414 pereo
601 375 685 413 ego,
705 370 820 413 atque
838 361 1011 400 occasio?

65 417 153 453 Alc.
182 416 290 464 Quin
309 423 352 454 tu
372 415 568 467 fflspendis
587 418 654 454 te?
683 428 821 467 nempe
839 424 920 453 tute
938 415 1100 462 dixeras,

64 468 195 507 Tuam
213 469 472 509 arcessituram
493 481 572 507 esse
585 482 745 508 uxorem
764 482 903 507 meam.
1125 466 1174 504 10

64 524 163 560 Stal.
189 524 294 574 Ergo
312 522 542 561 arcessivisse
559 522 612 561 ait
630 535 736 568 soee3
767 530 803 561 et
821 522 959 561 dixisse
977 530 1029 570 te,

64 577 166 615 Eam
184 588 261 615 non
279 576 499 614 missurum.

556 629 645 667 Alc.
674 630 782 678 Quin
800 643 845 669 ea
861 629 944 682 ipsa
961 629 1063 667 ultro
1079 627 1176 666 mihi

63 683 231 734 Negavit
249 684 331 733 ejus
345 695 500 734 operam
520 695 558 721 se
579 684 771 722 morarier.

63 739 162 776 Stat.
195 737 304 784 Quin
332 750 377 775 ea
402 736 486 788 ipsa
511 749 574 775 me
601 737 792 788 allegavit,
820 737 889 790 qui
914 736 1029 776 istam
1055 748 1176 775 arces-

223 803 357 829 serem.

65 845 153 884 Ale.
181 844 290 893 Quin
307 843 419 882 nihili
437 843 546 882 facio.

385 898 485 936 Stal.
513 897 622 945 Quin
639 911 702 937 me
718 898 855 950 perdis.

665 953 754 990 Alc.
788 952 895 999 Quin
914 953 1010 991 bene
1029 958 1096 990 est.
1127 951 1176 989 15

64 1006 171 1054 Quin
191 1005 304 1044 etiam
323 1004 391 1042 diu
409 1006 598 1051 morabor,
618 1006 711 1056 quin
730 1006 841 1055 cupio
860 1005 945 1052 tibi,

64 1060 172 1107 Quin
191 1058 337 1110 aliquid
355 1071 452 1108 aegre
467 1058 602 1103 facere
622 1059 716 1130 quin
734 1059 873 1097 faciam
891 1060 1026 1098 libens.

65 1114 279 1164 Nunquam
298 1112 368 1149 tibi
386 1111 498 1150 hodie
519 1114 547 1134 “
567 1113 674 1162 quin'
680 1113 779 1150 'erit
799 1113 887 1164 plus
906 1127 1022 1164 quam
1041 1112 1152 1150 mihi.

65 1167 173 1214 Quin
192 1165 361 1211 (hercle)
381 1165 451 1202 Dii
469 1172 506 1203 te
524 1166 683 1226 perdant
700 1175 786 1217 post
773 1179 891 1204 tremo
909 1167 1077 1217 quidem.

65 1221 166 1259 Stal.
205 1219 312 1266 Quid
342 1230 469 1257 nunc.
459 1221 477 1247 ‘³
517 1219 749 1258 missurusne
779 1232 818 1258 es
850 1219 898 1258 ad
927 1233 990 1258 me
1018 1232 1177 1258 uxorem

225 1280 332 1310 tuam
346 1272 364 1309 ’Β
1125 1275 1177 1310 20

66 1329 103 1365 A
110 1328 154 1363 lc.
184 1326 328 1372 Ducas,
349 1338 486 1376 easque
505 1326 544 1363 in
563 1339 788 1365 maxumam
805 1328 949 1365 malam
968 1339 1133 1373 crucem,

66 1381 245 1431 Cumque
270 1379 356 1428 hac,
389 1392 554 1431 cumque
581 1380 687 1429 istac,
717 1393 881 1432 cumque
912 1381 1034 1418 amica
1064 1380 1178 1418 etiam

225 1432 304 1471 tua.

66 1487 163 1534 Abi,
184 1493 221 1524 et
239 1486 344 1524 aliud
362 1499 462 1525 cura.
499 1488 587 1539 Ego
602 1489 685 1536 jam
702 1501 768 1539 per
785 1487 939 1526 hortum
951 1489 1097 1537 jussero

66 1541 201 1579 Meam
219 1539 316 1578 istuc
335 1541 494 1579 transire
512 1554 671 1579 uxorem
690 1542 738 1580 ad
756 1554 915 1579 uxorem
934 1550 1054 1579 tuam.
1125 1542 1178 1579 24

67 1596 167 1633 Stat.
181 1594 298 1632 Nunc
317 1594 467 1632 tumihi
485 1595 628 1633 amicus
647 1608 685 1633 es
704 1595 744 1632 in
762 1607 988 1647 germanum
1006 1595 1180 1633 modum.

67 1647 160 1695 Qua
179 1659 247 1696 ego
265 1646 368 1685 hunc
386 1660 553 1686 amorem
571 1648 668 1686 mihi
684 1662 762 1688 esse
780 1649 840 1687 avi
858 1648 982 1686 dicam
1000 1648 1160 1687 datum
1148 1647 1168 1670 '³

67 1702 153 1739 Aut
171 1699 264 1759 quid
283 1713 354 1751 ego
370 1710 543 1762 unquam
563 1715 652 1753 erga
666 1702 880 1741 Venerem
870 1702 999 1763 mique
1010 1702 1179 1749 fecerim,

69 1754 175 1801 Quoi
193 1753 245 1792 sic
262 1759 318 1791 tot
335 1755 481 1792 amanti
498 1755 594 1793 mihi
611 1756 763 1794 obviam
782 1756 955 1794 eveniant
978 1769 1118 1794 morae.
1108 1755 1126 1779 '²

69 1808 190 1847 Atat!
223 1806 316 1857 quid
341 1807 435 1898 ι11ἐ1111
464 1808 638 1848 clamoris
667 1812 852 1859 (obsecro)
879 1810 920 1848 in
950 1810 1079 1849 nostra
1111 1809 1179 1848 do·

231 1871 296 1898 mo
311 1858 340 1898 's
