1412 2427
174 43 225 80 64
467 43 839 82 AMPHITRUO.
870 43 921 82 V.
957 43 988 80 l.

541 153 677 188 Brom.
717 151 928 201 Postquam
957 149 1141 200 parturire
1171 148 1283 187 hodie

703 201 801 241 uior
818 203 960 253 occepit
977 210 1057 249 tua,

174 255 239 293 Ibi
257 261 364 293 utero
381 256 502 294 exorti
519 256 676 302 dolores,
696 264 740 294 ut
759 255 878 294 solent
894 268 1109 306 puerperae:
1231 257 1282 293 40

176 309 335 347 Invocat
354 309 456 347 Deos
474 310 733 357 immol-taleis,
753 316 798 346 ut
817 308 888 346 sibi
906 308 1093 346 auxilium
1112 308 1246 354 ferant,

176 361 362 399 Manibus
381 363 499 412 puris,
520 363 639 413 capite
655 371 795 413 operto.
829 361 891 399 Ibi
910 362 1089 398 continuo
1107 368 1284 398 contonat

177 414 312 453 Sonitu
331 427 537 461 maxumo;
567 415 678 453 aedeis
695 415 818 465 primo
836 427 944 451 ruere
965 416 1145 451 rebamur
1160 421 1258 450 tuas.

177 467 297 505 AEdes
315 475 403 505 totae
421 468 688 518 confulgebant
706 477 794 514 tuae,
815 467 924 517 quasi
942 474 1063 504 essent
1080 479 1214 503 aureae.

179 521 325 570 Amph.
345 521 500 568 Quaeso,
522 521 704 558 absolvito
722 521 810 558 hinc
826 532 888 557 me
907 520 1112 570 extemplo,
1132 517 1286 569 quando

340 575 428 611 satis
447 574 640 612 deluseris.
1234 573 1284 609 45

187 626 294 674 Quid
313 626 355 664 fit
374 627 539 664 deinde?

285 683 422 717 Brom.
443 680 550 717 Dum
566 679 646 718 haec
658 688 835 730 aguntur,
852 681 994 718 interea
1003 691 1162 717 uxorem
1180 685 1288 715 tuam

181 732 320 784 Neque
346 742 558 784 gementem
587 745 709 784 neque
740 734 953 784 plorantem
981 734 1151 770 nostrum
1184 731 1289 782 quis-

339 799 456 836 quam
476 786 716 824 audivimus.

182 838 245 876 Ita
263 839 428 890 profecto
448 840 528 876 sine
546 839 674 877 dolore
691 839 847 890 peperit.

723 893 869 942 Amph.
896 893 925 930 J
927 904 989 929 am
1007 891 1104 929 istuc
1122 889 1289 941 gaudee,

182 945 239 983 Ut
257 952 301 983 ut
320 958 406 996 erga
422 958 483 984 me
502 954 558 984 est
569 946 713 983 merita.

604 1001 743 1036 Brom.
771 999 889 1036 Mitte
906 997 1030 1034 istaec·
1021 1025 1032 1041 ,
1062 1004 1177 1048 atque
1193 996 1289 1043 haec‚

683 1065 769 1102 quae
783 1051 923 1095 dicam,
943 1049 1080 1099 accipe.

185 1106 395 1156 Postquam
414 1105 558 1156 peperit
576 1117 726 1156 pueros,
745 1104 869 1142 lavere
890 1102 1004 1152 jussit
1020 1114 1101 1141 nes.
1131 1102 1291 1153 Occepi-

344 1171 444 1196 mus.
1241 1156 1294 1192 50

183 1211 259 1250 Sed
277 1224 371 1263 puer
389 1211 467 1258 ille,
488 1224 603 1262 quem
621 1225 690 1262 ego
703 1211 795 1259 lavi,
808 1218 853 1248 ut
867 1221 1033 1260 magnus
1051 1217 1120 1258 est,
1141 1216 1178 1247 et
1194 1208 1295 1246 mul-

343 1273 428 1302 tum
447 1265 547 1302 valet
562 1265 572 1302 Ξ

184 1317 323 1368 Neque
341 1330 430 1355 eum
450 1318 653 1368 quisquam
670 1317 846 1368 colligare
864 1316 987 1367 quivit
1004 1315 1257 1354 incunabulis.

186 1370 324 1420 Amph.
354 1372 488 1408 Nimia
514 1371 610 1409 mira
639 1383 826 1408 memoras
842 1370 851 1407 !
883 1370 915 1407 si
943 1369 1044 1406 istaec
1073 1381 1160 1406 vera
1189 1375 1292 1417 sunt,

347 1423 527 1461 divinitus

186 1476 279 1513 Non
297 1485 426 1514 metuo
445 1476 539 1526 quin
557 1489 652 1514 meae
670 1476 782 1513 uxori
803 1477 890 1514 latae
908 1474 1090 1526 suppetiae
1107 1474 1216 1512 sient.

185 1531 323 1566 Brom.
352 1529 481 1579 Magis
500 1530 596 1578 jam,
623 1529 726 1576 faxo,
753 1529 850 1566 mira
873 1528 983 1566 dioec.
1026 1528 1235 1578 Postquam
1254 1527 1294 1564 in

347 1594 461 1619 cunas
481 1582 698 1628 conditu’st,
1245 1582 1296 1617 55

186 1634 378 1673 Devolant
395 1647 537 1685 angues
547 1635 673 1683 jubati
690 1634 867 1672 deorsum
886 1634 926 1671 in
943 1633 1175 1685 impluvium
1193 1633 1270 1672 duo
1290 1662 1294 1664 v

186 1688 392 1726 Maxumi:
419 1688 596 1726 contiuuo
615 1688 803 1725 extollunt
821 1689 934 1725 ambo
955 1687 1088 1738 capita.

906 1741 1052 1791 Amph.
1082 1740 1160 1778 Hei
1172 1739 1293 1777 mihi!

188 1796 328 1832 Brom.
357 1795 420 1832 Ne
439 1807 546 1845 pave.
582 1793 657 1832 Sed
675 1806 818 1845 angues
837 1794 955 1832 oculis
974 1793 1118 1832 omneis
1136 1793 1297 1831 circum-

354 1848 485 1885 visere.

189 1901 398 1952 Postquam
417 1913 551 1951 pueros
570 1899 785 1960 conspicati,
805 1907 970 1950 pergunt
988 1898 1037 1938 ad
1061 1911 1176 1937 cunas
1194 1898 1271 1936 citi.

189 1954 276 2004 Ego
323 1966 439 1991 cunas
480 1953 653 1992 recessim
695 1965 848 1991 rursum
886 1966 1041 1992 vorsum
1077 1952 1223 1990 trahere
1263 1959 1300 1990 et

351 2006 503 2067 ducere3
1247 2005 1298 2042 60

193 2060 373 2099 Metuens
397 2060 539 2120 pueris,
568 2060 664 2099 mihi
690 2059 920 2099 formidans:
951 2066 1131 2112 tantoque
1156 2070 1302 2109 angues

359 2125 480 2152 aeuus
