1412 2427
362 58 690 99 CAPTEIVEI.
720 59 803 98 111.
822 62 872 97 ·5.
1090 59 1167 96 255

61 166 137 205 Sed
156 166 310 205 malene
321 165 363 205 id
380 165 560 205 arbitrare
578 165 722 204 factum
736 167 754 203 ?

670 220 779 268 Heg.
799 218 991 256 Paesume.
1120 217 1167 254 51

68 272 270 321 TynfflAt
290 284 360 323 ego
375 272 449 321 aio,
467 278 580 321 recte,
599 272 667 323 qui
684 273 752 310 abs
769 278 808 309 te
824 283 992 310 seorsum
1011 270 1144 309 sentio.

62 326 167 363 Nam
185 326 360 376 cogitato,
380 326 412 364 si
430 326 515 378 quis
532 325 605 364 hoc
622 332 738 375 gnato
755 332 823 364 tuo

63 378 175 416 Tuus
193 392 321 419 servus
337 379 448 428 faxit,
467 379 621 431 qualem
638 379 793 417 haberes
811 376 973 429 gratiam
988 379 1006 416 ἒ

61 431 329 480 Emitteraene,
349 445 479 479 necne,
499 445 588 471 eum
607 444 756 470 servum
774 443 893 469 manu
905 429 924 467 Ρ
1115 431 1166 468 55

59 483 219 524 Esseme
237 485 341 538 apud
357 493 395 525 te
412 486 445 525 is
463 498 590 525 servus
608 485 904 537 acceptissumus
919 486 938 523 Ρ

62 537 278 590 Responde.

220 593 329 643 Heg-
348 592 507 644 Opinor.

392 647 517 695 Tynd.
541 644 621 684 Cur
639 656 727 696 ergo
744 643 861 683 iratus
878 642 976 682 mihi
993 643 1059 683 es?

61 698 168 746 Heg.
187 696 292 745 Quia
310 697 367 736 illi
379 699 506 747 fuisti,
527 712 643 750 quam
661 698 772 745 mihi,
790 698 950 736 fidelior.

68 752 193 800 Tynd.
213 751 322 799 Quid
335 754 353 790 ?
382 759 426 790 tu
443 753 523 790 una
541 760 648 790 nocte
666 751 901 803 postulavisti
920 757 957 789 et
974 750 1050 799 die,

61 804 208 842 Recens
226 811 381 856 captum
399 806 609 852 hominem,
628 818 816 857 nuperum
834 812 873 844 et
889 803 1096 852 novicium,
1116 804 1169 842 60

61 856 121 894 Te
139 857 349 907 perdocere,
369 866 414 896 ut
430 860 568 898 melius
585 859 816 898 consulerem
836 858 920 907 tibi,

60 910 192 957 Quam
210 911 281 959 illi,
301 912 460 962 quicum
478 913 557 950 una
574 926 596 951 a
614 925 731 963 puero
748 918 897 950 aetatem
917 923 1116 961 exegeram
1127 910 1145 947 P

60 964 169 1013 Heg.
188 964 293 1014 Ergo
313 966 360 1002 ab
380 978 423 1003 eo
440 965 557 1015 petito
575 965 736 1016 gratiam
754 965 879 1003 istam.
907 964 1063 1012 Ducite,

60 1016 141 1054 Ubi
159 1017 398 1067 ponderosam,
415 1030 554 1056 crassas
575 1019 699 1069 capiat
717 1017 940 1068 compedes3

59 1069 158 1107 Inde
176 1070 246 1108 ibis
265 1083 376 1121 porro
392 1071 433 1108 in
451 1071 627 1110 latomias
644 1071 859 1123 lapidarias-
1117 1071 1169 1109 65

58 1121 134 1168 Ibi,
156 1134 274 1173 quom
293 1124 358 1161 alii
374 1131 526 1163 octonos
542 1124 686 1176 lapides
705 1124 914 1172 effoderint,

57 1176 146 1213 Nisi
164 1176 371 1215 cotidianus
389 1177 608 1229 sesquiopus
627 1177 839 1226 confeceris,
860 1206 862 1209 .
937 1197 941 1203 v

58 1229 357 1282 Sexcentoplago
376 1242 515 1269 nomen
533 1231 686 1269 indetur
705 1231 786 1270 tibi.

58 1282 185 1320 Arist.
219 1283 295 1321 Per
323 1283 427 1322 Deos
456 1291 572 1335 atque
601 1284 789 1333 homines,
822 1296 892 1335 ego
925 1289 964 1322 te
987 1282 1167 1329 obtestor,

220 1336 363 1386 Hegio,

59 1387 122 1426 Ne
140 1394 184 1426 tu
201 1388 325 1427 istunc
342 1389 537 1428 hominem
555 1390 720 1441 perduis.

650 1445 757 1492 Heg.
778 1442 995 1482 Curabitur.
1123 1441 1175 1486 70

59 1495 164 1533 Nam
183 1501 297 1533 noctu
314 1508 431 1535 nervo
448 1496 595 1534 vinctus
613 1495 887 1541 custodibitur3

58 1548 251 1587 Interdius
269 1551 339 1588 sub
357 1549 456 1588 ten-5.
473 1550 616 1600 lapidos
634 1548 786 1587 eximet.

60 1601 142 1639 Diu
160 1614 229 1653 ego
246 1602 349 1641 hunc
366 1603 564 1649 cruciab03
594 1614 671 1640 non
689 1614 768 1640 uno
785 1602 982 1641 absolvam
1000 1601 1073 1640 die.

61 1656 188 1693 Arist.
209 1654 414 1694 Certumne
432 1657 480 1694 ’st
497 1656 568 1695 tibi
585 1655 708 1694 istuc?

608 1710 715 1758 Heg.
736 1709 827 1746 Non
846 1707 976 1746 moriri
993 1707 1170 1746 certiu'st.

61 1760 256 1799 Abducite
266 1761 383 1800 istum
398 1769 569 1800 actutum
582 1762 630 1800 ad
645 1761 906 1813 Hippolytum
920 1760 1073 1800 fabrum
1086 1775 1100 1799 a
1119 1760 1171 1804 75

62 1815 91 1852 J
94 1816 204 1852 ubete
222 1815 312 1854 huic
330 1828 468 1853 craesas
486 1815 683 1866 compedes
701 1815 926 1866 impingier:

65 1866 162 1905 Inde
181 1875 286 1905 extra
303 1877 450 1918 portam
469 1869 518 1906 ad
536 1881 665 1906 meum
683 1869 862 1906 libertum
878 1866 1099 1916 Cordalum,

65 1920 114 1958 In
133 1920 354 1971 lapicidinas
372 1921 482 1959 facite
500 1921 684 1959 deductus
703 1921 797 1959 siet:

65 1973 199 2024 Atque
215 1973 317 2012 hunc
337 1975 390 2012 ita
408 1986 470 2012 me
489 1974 599 2021 velle,
618 1974 743 2022 dicite,
761 1973 936 2021 curarier‚

65 2027 129 2064 Ne
145 2027 214 2078 qui
237 2027 400 2065 deterius
417 2027 507 2064 huic
526 2027 589 2073 sit,
606 2039 721 2077 quam
736 2027 826 2077 quoi
844 2039 1018 2078 pessume
1034 2027 1092 2063 'st.
1121 2027 1173 2061 80

73 2081 198 2129 Tynd.
219 2079 298 2118 Cur
313 2093 396 2131 ego,
411 2086 448 2118 te
465 2080 598 2127 invito,
617 2092 679 2117 me
697 2092 776 2118 esse
793 2080 942 2118 salvum
962 2077 1179 2130 postulem?

67 2132 287 2172 Periculum
308 2134 395 2172 vitae
414 2146 509 2172 meae
527 2140 600 2171 stat
619 2140 684 2171 tuo
702 2132 880 2183 periculo.
