1412 2427
212 75 289 119 276
630 73 800 114 CASIN
802 74 854 112 A.
885 74 921 112 Ι.

646 234 830 275 ACTUS
859 234 896 273 Ι.

493 340 734 381 OLYMPIO.
790 341 1044 380 CnAman.

216 447 344 497 Olym.
373 447 462 485 Non
496 448 591 486 mihi
617 449 727 486 licere
754 460 878 486 meam
908 459 988 485 rem
1017 458 1081 484 me
1107 445 1249 494 solum,
1277 450 1319 482 ut

367 501 465 548 volo,

213 552 339 603 Loqui
357 561 471 605 atque
489 555 665 606 cogitare,
687 555 765 593 sine
784 553 847 592 ted
865 554 1004 593 arbitro
1020 555 1038 591 Ρ

211 606 320 654 Quid
338 616 379 645 tu
401 608 567 659 (malum
583 609 592 645 2
610 608 624 657 )
646 621 708 646 me
726 621 879 659 sequere
894 610 911 644 ?

737 663 834 700 Cha,
862 661 965 709 Quia
983 668 1128 698 certum
1146 657 1194 696 'st
1212 657 1320 701 mihi,

211 712 335 760 Quasi
353 715 502 761 umbra,
523 727 678 766 quoquo
695 715 768 752 ibis
787 723 843 761 tu,
863 721 900 752 te
917 713 1106 765 persequi.

211 767 317 813 Quin
335 767 522 818 (edepol),
541 768 655 806 etiam
675 768 706 806 si
724 768 763 805 in
784 780 934 806 crucem
952 767 1008 804 vis
1026 777 1195 817 pergere,
1295 764 1319 800 5

210 820 326 870 Sequi
346 821 537 859 decretum
554 822 614 859 'st.
669 821 820 859 Dehinc
839 821 1012 870 conjicito
1031 826 1222 864 caeterum,

210 872 401 920 Possisne,
423 886 553 922 necne,
574 875 673 912 clam
693 887 755 911 me
776 875 906 912 sutelis
928 874 1003 911 tuis

210 926 417 976 Praeripere
438 927 617 965 Casinam
637 940 811 973 uxorem,
831 926 989 978 proinde
1009 932 1052 963 ut
1069 924 1250 976 postulas.

211 980 342 1028 Olym.
371 979 479 1027 Quid
497 980 567 1019 tibi
586 981 715 1031 negoti
735 992 887 1018 mecum
902 981 962 1017 'st-

751 1034 847 1072 Cha.
876 1032 983 1081 Quid
1003 1032 1070 1080 ais,
1089 1030 1320 1081 impudens?

209 1083 316 1130 Quid
334 1085 374 1123 in
393 1088 487 1125 urbe
504 1093 644 1137 reptas,
664 1085 803 1135 villice,
822 1087 887 1125 hic
905 1085 1036 1137 magni
1054 1086 1152 1136 preti
1167 1087 1184 1123 ?
1271 1085 1319 1122 10

213 1138 341 1187 Olym.
371 1139 498 1178 Libet.

214 1206 216 1209 ’
411 1195 509 1232 Cha.
539 1193 645 1237 Quin
662 1193 742 1231 ruri
760 1206 798 1232 es
816 1193 856 1230 in
874 1191 1096 1244 praefectura
1112 1192 1180 1230 tua
1194 1194 1212 1230 ?

210 1243 315 1288 Quin
335 1246 474 1297 potius,
495 1247 597 1298 quod
614 1247 783 1297 legatum
803 1247 850 1285 'st
868 1247 938 1284 tibi
954 1246 1164 1297 negotium,

208 1298 256 1335 Id
275 1312 396 1348 curas,
417 1308 530 1352 atque
546 1300 701 1338 urbanis
718 1302 828 1338 rebus
846 1308 882 1338 te
900 1300 1063 1338 abstines
1077 1302 1094 1337 ?

206 1351 314 1398 Quid
332 1353 406 1391 huc
424 1354 558 1392 venisti
575 1366 750 1405 sponsam
770 1360 1000 1405 praerepturn
1018 1365 1141 1391 meam
1157 1353 1176 1390 ?

208 1405 291 1443 Abi
307 1419 397 1452 rus3
427 1407 490 1445 abi
507 1407 691 1445 dierectus
710 1414 817 1444 tuam
835 1407 874 1444 in
892 1406 1136 1458 provinciam.
1266 1407 1314 1444 15

209 1459 338 1508 Olym.
358 1460 531 1508 Chaline,
551 1473 628 1498 non
647 1473 732 1498 sum
748 1473 817 1511 ego
830 1461 969 1498 oblitus
986 1459 1152 1498 officium
1170 1472 1315 1498 meum.

207 1512 378 1560 Praefeci,
398 1527 484 1552 rure
502 1522 600 1552 recte
618 1513 685 1565 qui
703 1520 806 1551 curet
823 1522 964 1551 tamen.

205 1565 307 1616 Ego,
326 1567 402 1605 hue
420 1567 523 1618 quod
540 1567 626 1606 veni
643 1567 683 1603 in
702 1568 850 1613 urbem,
871 1566 939 1604 ubi
955 1566 1220 1617 impetravero,

206 1618 378 1658 Uxorem
397 1628 442 1658 ut
459 1620 577 1658 istanc
595 1620 746 1667 ducam,
767 1633 884 1671 quam
903 1627 945 1657 tu
964 1620 1124 1671 deperis,

203 1671 355 1710 Bellam
374 1682 410 1711 et
428 1674 606 1711 tenellam
621 1672 814 1720 Casinam,
835 1686 1052 1711 conservam
1071 1681 1178 1711 tuam
1193 1687 1206 1719 3
1262 1673 1315 1712 20

207 1724 372 1768 Quando
389 1740 459 1778 ego
478 1739 561 1764 eam
580 1739 732 1764 mecum
750 1739 814 1764 rus
832 1739 990 1765 uxorem
1009 1727 1214 1771 abduxero,

202 1779 310 1817 Rure
328 1779 515 1818 incubabo
532 1793 652 1830 usque
670 1780 709 1817 in
728 1780 950 1831 praefectura
968 1780 1067 1819 mea.

205 1833 302 1871 Cha.
330 1833 435 1871 Tun’
452 1833 560 1871 illam
578 1834 693 1871 ducas
707 1836 725 1872 Ρ
782 1834 933 1878 Hercle,
953 1847 1016 1872 me
1033 1833 1248 1885 suspendio,

204 1885 334 1929 Quam
355 1893 397 1924 tu
417 1888 498 1936 ejus
516 1886 640 1937 potior
658 1886 741 1933 fias,
761 1887 910 1926 satiu'st
926 1895 1135 1926 mortuum.

205 1940 335 1989 Olym.
363 1939 458 1978 Mea
474 1940 602 1991 praeda
620 1948 674 1978 est
691 1941 758 1979 illa
774 1956 784 1979 z
814 1941 938 1993 proin'
956 1948 1000 1979 tu
1018 1949 1056 1980 te
1074 1941 1115 1979 in
1131 1940 1314 1992 laqueum

359 1993 506 2031 induas.
1262 1995 1314 2030 25

202 2047 300 2086 Cha.
320 2047 386 2085 Ex
404 2047 639 2099 sterquilinio
658 2048 801 2092 effosse,
818 2056 886 2087 tua
902 2049 999 2088 illaec
1015 2048 1143 2100 praeda
1161 2047 1210 2086 sit
1223 2050 1241 2086 ἓ

202 2101 332 2149 Olym.
361 2101 461 2139 Sciae
478 2101 551 2139 hoc
568 2101 623 2140 ita
641 2114 734 2140 esse.
786 2102 861 2140 Vae
877 2102 947 2140 tibi
962 2102 972 2140 l
1003 2109 1098 2153 quot
1115 2108 1153 2141 te
1171 2101 1308 2150 modis,

196 2152 238 2192 Si
257 2153 356 2204 vivo,
375 2154 523 2194 habebo
539 2154 581 2193 in
600 2155 744 2207 nuptiis
762 2156 944 2195 miserum
963 2155 1086 2195 meis!
