<?xml version="1.0" encoding="UTF-8"?>
<!DOCTYPE html PUBLIC "-//W3C//DTD XHTML 1.0 Transitional//EN"
    "http://www.w3.org/TR/xhtml1/DTD/xhtml1-transitional.dtd">
<html xmlns="http://www.w3.org/1999/xhtml" xml:lang="en" lang="en">
 <head>
  <title>
</title>
<meta http-equiv="Content-Type" content="text/html;charset=utf-8" />
  <meta name='ocr-system' content='tesseract 3.04.00' />
  <meta name='ocr-capabilities' content='ocr_page ocr_carea ocr_par ocr_line ocrx_word'/>
</head>
<body>
  <div class='ocr_page' id='page_1' title='image "./comoediaesupers01plauuoft_0038.png"; bbox 0 0 1412 2427; ppageno 0'>
   <div class='ocr_carea' id='block_1_1' title="bbox 125 47 944 91">
    <p class='ocr_par' dir='ltr' id='par_1_1' title="bbox 125 47 944 91">
     <span class='ocr_line' id='line_1_1' title="bbox 125 47 944 91; baseline 0.01 -8"><span class='ocrx_word' id='word_1_1' title='bbox 125 49 176 85; x_wconf 84' lang='lat'>30</span> <span class='ocrx_word' id='word_1_2' title='bbox 191 74 194 76; x_wconf 87' lang='lat'><em>-</em></span> <span class='ocrx_word' id='word_1_3' title='bbox 414 47 785 90; x_wconf 87' lang='lat' dir='ltr'>AMPHITRUO.</span> <span class='ocrx_word' id='word_1_4' title='bbox 819 52 876 91; x_wconf 95' lang='lat' dir='ltr'>II.</span> <span class='ocrx_word' id='word_1_5' title='bbox 907 55 944 91; x_wconf 85' lang='lat'>2.</span> 
     </span>
    </p>
   </div>
   <div class='ocr_carea' id='block_1_2' title="bbox 112 153 1234 1632">
    <p class='ocr_par' dir='ltr' id='par_1_2' title="bbox 112 153 1234 1632">
     <span class='ocr_line' id='line_1_2' title="bbox 127 153 1180 207; baseline 0.008 -17"><span class='ocrx_word' id='word_1_6' title='bbox 127 153 266 204; x_wconf 76' lang='lat' dir='ltr'><em>Amph.</em></span> <span class='ocrx_word' id='word_1_7' title='bbox 295 155 369 194; x_wconf 90' lang='lat' dir='ltr'>Sed</span> <span class='ocrx_word' id='word_1_8' title='bbox 384 155 477 207; x_wconf 89' lang='lat' dir='ltr'>quid</span> <span class='ocrx_word' id='word_1_9' title='bbox 495 155 549 194; x_wconf 85' lang='lat' dir='ltr'>ais</span> <span class='ocrx_word' id='word_1_10' title='bbox 563 158 581 194; x_wconf 84' lang='lat'>?</span> <span class='ocrx_word' id='word_1_11' title='bbox 610 168 705 195; x_wconf 90' lang='lat' dir='ltr'>num</span> <span class='ocrx_word' id='word_1_12' title='bbox 723 157 980 197; x_wconf 74' lang='lat' dir='ltr'><strong>obdormivisti</strong></span> <span class='ocrx_word' id='word_1_13' title='bbox 998 159 1148 198; x_wconf 84' lang='lat' dir='ltr'>dudum</span> <span class='ocrx_word' id='word_1_14' title='bbox 1163 164 1180 200; x_wconf 86' lang='lat'>?</span> 
     </span>
     <span class='ocr_line' id='line_1_3' title="bbox 631 211 1231 262; baseline 0.007 -13"><span class='ocrx_word' id='word_1_15' title='bbox 631 211 710 249; x_wconf 77' lang='lat' dir='ltr'><em>Sos.</em></span> <span class='ocrx_word' id='word_1_16' title='bbox 742 211 946 262; x_wconf 88' lang='lat' dir='ltr'><strong>Nusquam</strong></span> <span class='ocrx_word' id='word_1_17' title='bbox 966 213 1150 262; x_wconf 87' lang='lat' dir='ltr'>gentium.</span> <span class='ocrx_word' id='word_1_18' title='bbox 1179 216 1231 259; x_wconf 88' lang='grc'>73</span> 
     </span>
     <span class='ocr_line' id='line_1_4' title="bbox 125 259 1234 315; baseline 0.009 -19"><span class='ocrx_word' id='word_1_19' title='bbox 125 259 263 310; x_wconf 79' lang='lat' dir='ltr'><strong><em>Amph.</em></strong></span> <span class='ocrx_word' id='word_1_20' title='bbox 286 261 348 299; x_wconf 93' lang='lat' dir='ltr'>Ibi</span> <span class='ocrx_word' id='word_1_21' title='bbox 362 262 457 300; x_wconf 85' lang='lat' dir='ltr'>forte</span> <span class='ocrx_word' id='word_1_22' title='bbox 470 261 585 300; x_wconf 90' lang='lat' dir='ltr'>istum</span> <span class='ocrx_word' id='word_1_23' title='bbox 601 263 632 301; x_wconf 92' lang='lat' dir='ltr'>si</span> <span class='ocrx_word' id='word_1_24' title='bbox 648 264 802 302; x_wconf 85' lang='lat' dir='ltr'>vidisses</span> <span class='ocrx_word' id='word_1_25' title='bbox 817 265 1022 315; x_wconf 87' lang='lat' dir='ltr'><strong>quemdam</strong></span> <span class='ocrx_word' id='word_1_26' title='bbox 1037 266 1077 303; x_wconf 87' lang='lat' dir='ltr'>in</span> <span class='ocrx_word' id='word_1_27' title='bbox 1093 269 1234 307; x_wconf 90' lang='lat' dir='ltr'>somnis</span> 
     </span>
     <span class='ocr_line' id='line_1_5' title="bbox 285 315 589 354; baseline 0 -2"><span class='ocrx_word' id='word_1_28' title='bbox 285 315 430 353; x_wconf 79' lang='lat' dir='ltr'>Sosiam</span> <span class='ocrx_word' id='word_1_29' title='bbox 459 342 469 352; x_wconf 87' lang='lat'><em>.</em></span> <span class='ocrx_word' id='word_1_30' title='bbox 500 342 509 352; x_wconf 87' lang='lat'><strong>.</strong></span> <span class='ocrx_word' id='word_1_31' title='bbox 540 343 550 354; x_wconf 89' lang='lat'><strong>.</strong></span> <span class='ocrx_word' id='word_1_32' title='bbox 579 342 589 352; x_wconf 92' lang='lat'><strong>.</strong></span> 
     </span>
     <span class='ocr_line' id='line_1_6' title="bbox 124 366 1230 424; baseline 0.007 -21"><span class='ocrx_word' id='word_1_33' title='bbox 124 366 200 403; x_wconf 81' lang='lat' dir='ltr'><em>Sos.</em></span> <span class='ocrx_word' id='word_1_34' title='bbox 232 366 272 403; x_wconf 95' lang='lat' dir='ltr'>N</span> <span class='ocrx_word' id='word_1_35' title='bbox 276 380 323 404; x_wconf 92' lang='lat' dir='ltr'>on</span> <span class='ocrx_word' id='word_1_36' title='bbox 357 369 456 406; x_wconf 89' lang='lat' dir='ltr'>soleo</span> <span class='ocrx_word' id='word_1_37' title='bbox 481 382 551 419; x_wconf 87' lang='lat' dir='ltr'>ego</span> <span class='ocrx_word' id='word_1_38' title='bbox 575 369 824 408; x_wconf 87' lang='lat' dir='ltr'>somniculose</span> <span class='ocrx_word' id='word_1_39' title='bbox 851 370 932 409; x_wconf 86' lang='lat' dir='ltr'>heri</span> <span class='ocrx_word' id='word_1_40' title='bbox 962 371 1121 423; x_wconf 89' lang='lat' dir='ltr'>imperia</span> <span class='ocrx_word' id='word_1_41' title='bbox 1145 387 1230 424; x_wconf 87' lang='lat' dir='ltr'>per-</span> 
     </span>
     <span class='ocr_line' id='line_1_7' title="bbox 284 422 1229 470; baseline 0.007 -13"><span class='ocrx_word' id='word_1_42' title='bbox 284 434 323 458; x_wconf 90' lang='lat' dir='ltr'>se</span> <span class='ocrx_word' id='word_1_43' title='bbox 351 422 401 458; x_wconf 84' lang='lat' dir='ltr'>ui.</span> <span class='ocrx_word' id='word_1_44' title='bbox 1178 428 1229 470; x_wconf 87' lang='lat'>75</span> 
     </span>
     <span class='ocr_line' id='line_1_8' title="bbox 123 435 1230 528; baseline 0.008 -19"><span class='ocrx_word' id='word_1_45' title='bbox 123 472 299 523; x_wconf 87' lang='lat' dir='ltr'>Vigilans</span> <span class='ocrx_word' id='word_1_46' title='bbox 322 435 423 519; x_wconf 48' lang='lat' dir='ltr'>giem</span> <span class='ocrx_word' id='word_1_47' title='bbox 455 475 615 525; x_wconf 87' lang='lat' dir='ltr'>vigilans</span> <span class='ocrx_word' id='word_1_48' title='bbox 642 488 743 514; x_wconf 90' lang='lat' dir='ltr'>nunc</span> <span class='ocrx_word' id='word_1_49' title='bbox 769 484 805 515; x_wconf 82' lang='lat' dir='ltr'>te</span> <span class='ocrx_word' id='word_1_50' title='bbox 826 477 959 521; x_wconf 83' lang='lat' dir='ltr'>video;</span> <span class='ocrx_word' id='word_1_51' title='bbox 990 478 1150 528; x_wconf 85' lang='lat' dir='ltr'>vigilans</span> <span class='ocrx_word' id='word_1_52' title='bbox 1173 479 1230 518; x_wconf 85' lang='lat' dir='ltr'>fa-</span> 
     </span>
     <span class='ocr_line' id='line_1_9' title="bbox 283 528 415 572; baseline 0 -8"><span class='ocrx_word' id='word_1_53' title='bbox 283 528 415 572; x_wconf 88' lang='lat' dir='ltr'>bulor;</span> 
     </span>
     <span class='ocr_line' id='line_1_10' title="bbox 123 578 1228 635; baseline 0.008 -20"><span class='ocrx_word' id='word_1_54' title='bbox 123 578 357 629; x_wconf 87' lang='lat' dir='ltr'>Vigilantem</span> <span class='ocrx_word' id='word_1_55' title='bbox 387 581 451 619; x_wconf 86' lang='lat' dir='ltr'>ille</span> <span class='ocrx_word' id='word_1_56' title='bbox 469 594 530 619; x_wconf 88' lang='lat' dir='ltr'>me</span> <span class='ocrx_word' id='word_1_57' title='bbox 545 582 775 630; x_wconf 84' lang='lat' dir='ltr'>jamdudum</span> <span class='ocrx_word' id='word_1_58' title='bbox 795 582 954 634; x_wconf 86' lang='lat' dir='ltr'>vigilans</span> <span class='ocrx_word' id='word_1_59' title='bbox 981 585 1122 635; x_wconf 88' lang='lat' dir='ltr'>pugnis</span> <span class='ocrx_word' id='word_1_60' title='bbox 1142 597 1228 624; x_wconf 88' lang='lat' dir='ltr'>con-</span> 
     </span>
     <span class='ocr_line' id='line_1_11' title="bbox 283 634 393 671; baseline 0.009 -1"><span class='ocrx_word' id='word_1_61' title='bbox 283 634 393 671; x_wconf 86' lang='lat' dir='ltr'>tudit.</span> 
     </span>
     <span class='ocr_line' id='line_1_12' title="bbox 121 684 556 735; baseline 0.011 -14"><span class='ocrx_word' id='word_1_62' title='bbox 121 684 261 735; x_wconf 76' lang='lat' dir='ltr'><em>Amph.</em></span> <span class='ocrx_word' id='word_1_63' title='bbox 290 686 390 734; x_wconf 88' lang='lat' dir='ltr'>Quis</span> <span class='ocrx_word' id='word_1_64' title='bbox 409 688 524 726; x_wconf 89' lang='lat' dir='ltr'>homo</span> <span class='ocrx_word' id='word_1_65' title='bbox 539 691 556 726; x_wconf 75' lang='grc' dir='ltr'><strong><em>Ρ</em></strong></span> 
     </span>
     <span class='ocr_line' id='line_1_13' title="bbox 420 741 1228 793; baseline 0.005 -15"><span class='ocrx_word' id='word_1_66' title='bbox 420 741 498 778; x_wconf 80' lang='lat' dir='ltr'><em>Sos.</em></span> <span class='ocrx_word' id='word_1_67' title='bbox 522 741 642 788; x_wconf 81' lang='lat' dir='ltr'>Sosia,</span> <span class='ocrx_word' id='word_1_68' title='bbox 661 741 834 792; x_wconf 81' lang='lat' dir='ltr'>inquam,</span> <span class='ocrx_word' id='word_1_69' title='bbox 855 755 923 793; x_wconf 88' lang='lat' dir='ltr'>ego</span> <span class='ocrx_word' id='word_1_70' title='bbox 941 743 1016 782; x_wconf 87' lang='lat' dir='ltr'>ille.</span> <span class='ocrx_word' id='word_1_71' title='bbox 1070 743 1228 792; x_wconf 82' lang='lat' dir='ltr'>Quaeso,</span> 
     </span>
     <span class='ocr_line' id='line_1_14' title="bbox 492 795 845 845; baseline 0.003 -13"><span class='ocrx_word' id='word_1_72' title='bbox 492 807 617 832; x_wconf 87' lang='lat' dir='ltr'>nonne</span> <span class='ocrx_word' id='word_1_73' title='bbox 634 795 813 845; x_wconf 86' lang='lat' dir='ltr'>intelligis</span> <span class='ocrx_word' id='word_1_74' title='bbox 828 797 845 833; x_wconf 87' lang='lat'>?</span> 
     </span>
     <span class='ocr_line' id='line_1_15' title="bbox 119 845 1225 901; baseline 0.005 -19"><span class='ocrx_word' id='word_1_75' title='bbox 119 845 263 895; x_wconf 77' lang='lat' dir='ltr'><em>Amph.</em></span> <span class='ocrx_word' id='word_1_76' title='bbox 293 846 375 894; x_wconf 72' lang='lat' dir='ltr'>Qui</span> <span class='ocrx_word' id='word_1_77' title='bbox 406 848 617 898; x_wconf 69' lang='lat' dir='ltr'>(maluml)</span> <span class='ocrx_word' id='word_1_78' title='bbox 652 848 860 899; x_wconf 86' lang='lat' dir='ltr'>intelligere</span> <span class='ocrx_word' id='word_1_79' title='bbox 889 848 1093 901; x_wconf 89' lang='lat' dir='ltr'>quisquam</span> <span class='ocrx_word' id='word_1_80' title='bbox 1124 849 1225 901; x_wconf 86' lang='lat' dir='ltr'>potis</span> 
     </span>
     <span class='ocr_line' id='line_1_16' title="bbox 278 901 726 951; baseline 0.004 -14"><span class='ocrx_word' id='word_1_81' title='bbox 278 901 361 937; x_wconf 84' lang='lat' dir='ltr'>est?</span> <span class='ocrx_word' id='word_1_82' title='bbox 390 902 442 939; x_wconf 86' lang='lat' dir='ltr'>ita</span> <span class='ocrx_word' id='word_1_83' title='bbox 461 913 583 951; x_wconf 86' lang='lat' dir='ltr'>nugas</span> <span class='ocrx_word' id='word_1_84' title='bbox 601 901 726 939; x_wconf 84' lang='lat' dir='ltr'>blatis.</span> 
     </span>
     <span class='ocr_line' id='line_1_17' title="bbox 120 953 712 992; baseline 0.002 -3"><span class='ocrx_word' id='word_1_85' title='bbox 120 953 196 990; x_wconf 82' lang='lat' dir='ltr'><strong><em>Sos.</em></strong></span> <span class='ocrx_word' id='word_1_86' title='bbox 220 953 366 992; x_wconf 86' lang='lat' dir='ltr'>Verum</span> <span class='ocrx_word' id='word_1_87' title='bbox 386 961 553 992; x_wconf 87' lang='lat' dir='ltr'>actutum</span> <span class='ocrx_word' id='word_1_88' title='bbox 574 966 712 992; x_wconf 83' lang='lat' dir='ltr'><strong>nosces.</strong></span> 
     </span>
     <span class='ocr_line' id='line_1_18' title="bbox 446 1007 768 1056; baseline 0.003 -11"><span class='ocrx_word' id='word_1_89' title='bbox 446 1009 519 1045; x_wconf 85' lang='lat' dir='ltr'>Am</span> <span class='ocrx_word' id='word_1_90' title='bbox 517 1008 588 1056; x_wconf 63' lang='lat' dir='ltr'>ple.</span> <span class='ocrx_word' id='word_1_91' title='bbox 607 1007 735 1054; x_wconf 85' lang='lat' dir='ltr'><strong>Quem</strong></span> <span class='ocrx_word' id='word_1_92' title='bbox 751 1011 768 1046; x_wconf 72' lang='grc' dir='ltr'><strong><em>Ρ</em></strong></span> 
     </span>
     <span class='ocr_line' id='line_1_19' title="bbox 662 1061 1223 1110; baseline 0.004 -12"><span class='ocrx_word' id='word_1_93' title='bbox 662 1061 740 1099; x_wconf 79' lang='lat' dir='ltr'><strong><em>Sos.</em></strong></span> <span class='ocrx_word' id='word_1_94' title='bbox 769 1062 888 1099; x_wconf 89' lang='lat' dir='ltr'>Illum</span> <span class='ocrx_word' id='word_1_95' title='bbox 907 1074 1051 1110; x_wconf 84' lang='lat' dir='ltr'>nosces,</span> <span class='ocrx_word' id='word_1_96' title='bbox 1071 1075 1223 1101; x_wconf 85' lang='lat' dir='ltr'>servum</span> 
     </span>
     <span class='ocr_line' id='line_1_20' title="bbox 767 1115 1224 1154; baseline 0.002 -1"><span class='ocrx_word' id='word_1_97' title='bbox 767 1115 928 1153; x_wconf 84' lang='lat' dir='ltr'>Sosiam.</span> <span class='ocrx_word' id='word_1_98' title='bbox 1172 1117 1224 1154; x_wconf 89' lang='grc'>80</span> 
     </span>
     <span class='ocr_line' id='line_1_21' title="bbox 119 1167 1224 1221; baseline 0.003 -17"><span class='ocrx_word' id='word_1_99' title='bbox 119 1167 264 1216; x_wconf 76' lang='lat' dir='ltr'><em>Amph.</em></span> <span class='ocrx_word' id='word_1_100' title='bbox 294 1168 458 1218; x_wconf 88' lang='lat' dir='ltr'>Sequere</span> <span class='ocrx_word' id='word_1_101' title='bbox 482 1167 553 1205; x_wconf 89' lang='lat' dir='ltr'>hac</span> <span class='ocrx_word' id='word_1_102' title='bbox 570 1167 688 1218; x_wconf 81' lang='lat' dir='ltr'>igitur</span> <span class='ocrx_word' id='word_1_103' title='bbox 706 1180 788 1205; x_wconf 87' lang='lat' dir='ltr'>me:</span> <span class='ocrx_word' id='word_1_104' title='bbox 824 1180 914 1205; x_wconf 87' lang='lat' dir='ltr'>nam</span> <span class='ocrx_word' id='word_1_105' title='bbox 941 1168 997 1206; x_wconf 78' lang='lat' dir='ltr'>mi</span> <span class='ocrx_word' id='word_1_106' title='bbox 1024 1168 1121 1207; x_wconf 89' lang='lat' dir='ltr'>istuc</span> <span class='ocrx_word' id='word_1_107' title='bbox 1145 1169 1224 1221; x_wconf 89' lang='lat' dir='ltr'>pri-</span> 
     </span>
     <span class='ocr_line' id='line_1_22' title="bbox 278 1220 783 1272; baseline 0.002 -15"><span class='ocrx_word' id='word_1_108' title='bbox 278 1233 384 1258; x_wconf 88' lang='lat' dir='ltr'>mum</span> <span class='ocrx_word' id='word_1_109' title='bbox 404 1221 591 1272; x_wconf 85' lang='lat' dir='ltr'>exquisito</span> <span class='ocrx_word' id='word_1_110' title='bbox 611 1220 658 1258; x_wconf 84' lang='lat' dir='ltr'>’st</span> <span class='ocrx_word' id='word_1_111' title='bbox 676 1233 783 1272; x_wconf 92' lang='lat' dir='ltr'>opus.</span> 
     </span>
     <span class='ocr_line' id='line_1_23' title="bbox 118 1274 1222 1326; baseline 0.002 -14"><span class='ocrx_word' id='word_1_112' title='bbox 118 1274 192 1312; x_wconf 85' lang='lat' dir='ltr'>Sed</span> <span class='ocrx_word' id='word_1_113' title='bbox 222 1274 320 1320; x_wconf 85' lang='lat' dir='ltr'>vide,</span> <span class='ocrx_word' id='word_1_114' title='bbox 351 1287 399 1311; x_wconf 86' lang='lat' dir='ltr'>ex</span> <span class='ocrx_word' id='word_1_115' title='bbox 431 1275 519 1312; x_wconf 86' lang='lat' dir='ltr'>navi</span> <span class='ocrx_word' id='word_1_116' title='bbox 548 1274 763 1322; x_wconf 84' lang='lat' dir='ltr'>efferantur,</span> <span class='ocrx_word' id='word_1_117' title='bbox 793 1288 879 1326; x_wconf 88' lang='lat' dir='ltr'>quae</span> <span class='ocrx_word' id='word_1_118' title='bbox 904 1276 986 1324; x_wconf 86' lang='lat' dir='ltr'>jam</span> <span class='ocrx_word' id='word_1_119' title='bbox 1021 1275 1222 1325; x_wconf 87' lang='lat' dir='ltr'>imperavi,</span> 
     </span>
     <span class='ocr_line' id='line_1_24' title="bbox 275 1339 415 1365; baseline -0.014 0"><span class='ocrx_word' id='word_1_120' title='bbox 275 1339 415 1365; x_wconf 86' lang='lat' dir='ltr'><strong>omma.</strong></span> 
     </span>
     <span class='ocr_line' id='line_1_25' title="bbox 114 1379 1219 1431; baseline 0.004 -15"><span class='ocrx_word' id='word_1_121' title='bbox 114 1379 191 1417; x_wconf 80' lang='lat' dir='ltr'><strong><em>Sos.</em></strong></span> <span class='ocrx_word' id='word_1_122' title='bbox 220 1381 274 1418; x_wconf 87' lang='lat' dir='ltr'>Et</span> <span class='ocrx_word' id='word_1_123' title='bbox 301 1392 446 1417; x_wconf 90' lang='lat' dir='ltr'>mernor</span> <span class='ocrx_word' id='word_1_124' title='bbox 471 1393 556 1418; x_wconf 88' lang='lat' dir='ltr'>sum</span> <span class='ocrx_word' id='word_1_125' title='bbox 584 1387 620 1418; x_wconf 88' lang='lat' dir='ltr'>et</span> <span class='ocrx_word' id='word_1_126' title='bbox 642 1380 816 1430; x_wconf 74' lang='lat' dir='ltr'>diligens,</span> <span class='ocrx_word' id='word_1_127' title='bbox 845 1387 902 1428; x_wconf 87' lang='lat' dir='ltr'>ut,</span> <span class='ocrx_word' id='word_1_128' title='bbox 929 1394 1015 1431; x_wconf 88' lang='lat' dir='ltr'>quae</span> <span class='ocrx_word' id='word_1_129' title='bbox 1041 1382 1219 1431; x_wconf 86' lang='lat' dir='ltr'>imperes,</span> 
     </span>
     <span class='ocr_line' id='line_1_26' title="bbox 272 1440 525 1482; baseline 0 -13"><span class='ocrx_word' id='word_1_130' title='bbox 272 1440 525 1482; x_wconf 82' lang='lat' dir='ltr'>compareant.</span> 
     </span>
     <span class='ocr_line' id='line_1_27' title="bbox 114 1485 1154 1536; baseline 0.003 -14"><span class='ocrx_word' id='word_1_131' title='bbox 114 1486 204 1522; x_wconf 89' lang='lat' dir='ltr'>Non</span> <span class='ocrx_word' id='word_1_132' title='bbox 224 1499 292 1536; x_wconf 91' lang='lat' dir='ltr'>ego</span> <span class='ocrx_word' id='word_1_133' title='bbox 311 1498 397 1522; x_wconf 92' lang='lat' dir='ltr'>cum</span> <span class='ocrx_word' id='word_1_134' title='bbox 417 1487 505 1522; x_wconf 92' lang='lat' dir='ltr'>vino</span> <span class='ocrx_word' id='word_1_135' title='bbox 523 1486 668 1523; x_wconf 88' lang='lat' dir='ltr'>simitu’</span> <span class='ocrx_word' id='word_1_136' title='bbox 689 1486 789 1524; x_wconf 92' lang='lat' dir='ltr'>ebibi</span> <span class='ocrx_word' id='word_1_137' title='bbox 805 1485 1009 1536; x_wconf 88' lang='lat' dir='ltr'>imperium</span> <span class='ocrx_word' id='word_1_138' title='bbox 1028 1494 1154 1525; x_wconf 84' lang='lat' dir='ltr'>tuum.</span> 
     </span>
     <span class='ocr_line' id='line_1_28' title="bbox 112 1537 1221 1588; baseline 0.005 -13"><span class='ocrx_word' id='word_1_139' title='bbox 112 1538 249 1588; x_wconf 76' lang='lat' dir='ltr'><strong><em>Amph.</em></strong></span> <span class='ocrx_word' id='word_1_140' title='bbox 279 1537 440 1576; x_wconf 87' lang='lat' dir='ltr'>Utinam</span> <span class='ocrx_word' id='word_1_141' title='bbox 459 1538 528 1576; x_wconf 91' lang='lat' dir='ltr'>Dii</span> <span class='ocrx_word' id='word_1_142' title='bbox 545 1539 682 1587; x_wconf 85' lang='lat' dir='ltr'>faxint,</span> <span class='ocrx_word' id='word_1_143' title='bbox 710 1539 846 1578; x_wconf 83' lang='lat' dir='ltr'>infecta</span> <span class='ocrx_word' id='word_1_144' title='bbox 873 1539 972 1578; x_wconf 85' lang='lat' dir='ltr'>dicta</span> <span class='ocrx_word' id='word_1_145' title='bbox 989 1553 1029 1578; x_wconf 89' lang='lat' dir='ltr'>re</span> <span class='ocrx_word' id='word_1_146' title='bbox 1047 1541 1221 1580; x_wconf 83' lang='lat' dir='ltr'>eveniant</span> 
     </span>
     <span class='ocr_line' id='line_1_29' title="bbox 273 1591 1219 1632; baseline 0.003 -3"><span class='ocrx_word' id='word_1_147' title='bbox 273 1591 365 1629; x_wconf 83' lang='lat' dir='ltr'>tua!</span> <span class='ocrx_word' id='word_1_148' title='bbox 1167 1596 1219 1632; x_wconf 89' lang='lat'>85</span> 
     </span>
    </p>
   </div>
   <div class='ocr_carea' id='block_1_3' title="bbox 111 1752 1198 2070">
    <p class='ocr_par' dir='ltr' id='par_1_3' title="bbox 111 1752 1198 2070">
     <span class='ocr_line' id='line_1_30' title="bbox 361 1752 958 1791; baseline -0.002 -1"><span class='ocrx_word' id='word_1_149' title='bbox 361 1752 545 1791; x_wconf 85' lang='lat' dir='ltr'>ACTUS</span> <span class='ocrx_word' id='word_1_150' title='bbox 574 1753 633 1791; x_wconf 92' lang='grc' dir='ltr'>ΙΙ.</span> <span class='ocrx_word' id='word_1_151' title='bbox 687 1752 872 1791; x_wconf 88' lang='lat' dir='ltr'>SCENA</span> <span class='ocrx_word' id='word_1_152' title='bbox 901 1753 958 1790; x_wconf 92' lang='lat' dir='ltr'>II.</span> 
     </span>
     <span class='ocr_line' id='line_1_31' title="bbox 131 1859 1198 1899; baseline 0.005 -5"><span class='ocrx_word' id='word_1_153' title='bbox 131 1860 382 1896; x_wconf 80' lang='lat' dir='ltr'><strong>ALCMENA.</strong></span> <span class='ocrx_word' id='word_1_154' title='bbox 405 1859 716 1897; x_wconf 78' lang='lat' dir='ltr'>AMPfflTRuo.</span> <span class='ocrx_word' id='word_1_155' title='bbox 752 1861 900 1899; x_wconf 66' lang='lat' dir='ltr'>Sosm.</span> <span class='ocrx_word' id='word_1_156' title='bbox 938 1860 1198 1899; x_wconf 73' lang='lat' dir='ltr'><strong>THESSALA.</strong></span> 
     </span>
     <span class='ocr_line' id='line_1_32' title="bbox 112 1964 1082 2019; baseline 0.005 -18"><span class='ocrx_word' id='word_1_157' title='bbox 112 1965 198 2002; x_wconf 77' lang='lat' dir='ltr'><em>Alc.</em></span> <span class='ocrx_word' id='word_1_158' title='bbox 228 1964 362 2003; x_wconf 87' lang='lat' dir='ltr'>Sati’n&#39;</span> <span class='ocrx_word' id='word_1_159' title='bbox 383 1979 499 2017; x_wconf 87' lang='lat' dir='ltr'>parva</span> <span class='ocrx_word' id='word_1_160' title='bbox 517 1979 575 2004; x_wconf 86' lang='lat' dir='ltr'>res</span> <span class='ocrx_word' id='word_1_161' title='bbox 594 1974 648 2004; x_wconf 82' lang='lat' dir='ltr'>est</span> <span class='ocrx_word' id='word_1_162' title='bbox 666 1967 909 2019; x_wconf 84' lang='lat' dir='ltr'>voluptatum</span> <span class='ocrx_word' id='word_1_163' title='bbox 931 1967 972 2005; x_wconf 91' lang='lat' dir='ltr'>in</span> <span class='ocrx_word' id='word_1_164' title='bbox 990 1967 1082 2016; x_wconf 55' lang='lat' dir='ltr'>vitss,</span> 
     </span>
     <span class='ocr_line' id='line_1_33' title="bbox 111 2018 613 2070; baseline 0.002 -14"><span class='ocrx_word' id='word_1_165' title='bbox 111 2019 244 2069; x_wconf 89' lang='lat' dir='ltr'>Atque</span> <span class='ocrx_word' id='word_1_166' title='bbox 261 2018 300 2055; x_wconf 89' lang='lat' dir='ltr'>in</span> <span class='ocrx_word' id='word_1_167' title='bbox 320 2026 429 2058; x_wconf 86' lang='lat' dir='ltr'>aetate</span> <span class='ocrx_word' id='word_1_168' title='bbox 447 2020 613 2070; x_wconf 63' lang='lat' dir='ltr'>agund21‚</span> 
     </span>
    </p>
   </div>
   <div class='ocr_carea' id='block_1_4' title="bbox 113 2072 1217 2164">
    <p class='ocr_par' dir='ltr' id='par_1_4' title="bbox 113 2072 1217 2164">
     <span class='ocr_line' id='line_1_34' title="bbox 113 2072 1217 2127; baseline 0.005 -19"><span class='ocrx_word' id='word_1_169' title='bbox 113 2072 199 2109; x_wconf 83' lang='lat' dir='ltr'>Prae</span> <span class='ocrx_word' id='word_1_170' title='bbox 217 2084 333 2123; x_wconf 84' lang='lat' dir='ltr'>quam</span> <span class='ocrx_word' id='word_1_171' title='bbox 353 2073 455 2124; x_wconf 87' lang='lat' dir='ltr'>quod</span> <span class='ocrx_word' id='word_1_172' title='bbox 473 2073 675 2112; x_wconf 85' lang='lat' dir='ltr'>molestum</span> <span class='ocrx_word' id='word_1_173' title='bbox 694 2082 751 2113; x_wconf 86' lang='lat' dir='ltr'>est</span> <span class='ocrx_word' id='word_1_174' title='bbox 763 2077 781 2113; x_wconf 85' lang='lat'><strong>?</strong></span> <span class='ocrx_word' id='word_1_175' title='bbox 813 2075 868 2113; x_wconf 70' lang='lat' dir='ltr'>ita</span> <span class='ocrx_word' id='word_1_176' title='bbox 885 2074 1051 2127; x_wconf 83' lang='lat' dir='ltr'>quoique</span> <span class='ocrx_word' id='word_1_177' title='bbox 1065 2087 1217 2127; x_wconf 82' lang='lat' dir='ltr'>compa·</span> 
     </span>
     <span class='ocr_line' id='line_1_35' title="bbox 269 2132 393 2164; baseline 0.016 -2"><span class='ocrx_word' id='word_1_178' title='bbox 269 2132 393 2164; x_wconf 76' lang='lat' dir='ltr'>ratum</span> 
     </span>
    </p>
   </div>
  </div>
 </body>
</html>
