1412 2427
470 40 697 80 CASINA.
727 40 780 77 V.
811 42 850 77 2.
1139 39 1218 77 313

541 147 669 196 Olym.
699 147 792 184 Non
809 146 895 184 fuit.

671 201 775 238 Cleo.
805 200 916 237 Num
934 198 1136 238 cucumis?
1164 200 1212 236 31

109 252 241 302 Olym.
272 252 461 302 Profecto,
491 251 662 306 (hercle)
689 265 767 291 non
793 252 868 291 fuit
896 253 1108 304 quidquam
1139 253 1217 291 ole-

262 319 374 344 rum:

103 359 206 408 Nisi,
224 360 411 412 quidquid
425 368 517 410 erat,
533 360 726 399 calamitas
739 360 905 412 profecto
923 359 1099 411 attigerat
1117 372 1217 398 nun-

289 427 394 452 uam.

103 466 180 513 Ita,
201 427 390 518 quidquid
409 476 502 516 erat,
521 468 664 519 grande
683 474 775 506 erat.

103 521 223 558 Mur.
252 520 360 568 Quid
377 521 421 560 fit
439 522 632 573 denique?
663 521 852 559 edisserta.

267 575 397 624 Olym.
425 576 506 614 Ubi
523 575 687 627 appello,
711 577 739 597 ‘⁶
755 575 937 622 Casina,''
959 575 1132 626 inquam,
1162 577 1213 613 35

105 628 133 649 “
150 627 321 676 Amabo,
350 641 438 668 mea
463 629 661 676 uxorcula,
685 641 752 666 cur
775 628 901 666 virum
928 635 1040 666 tuum
1069 629 1122 667 sic
1152 642 1215 666 me

263 683 407 732 spernis
422 686 440 721 ?

100 734 230 773 Nimis
249 743 291 773 tu
309 736 465 786 quidem
485 735 658 788 (hercle)
676 736 866 774 immerito

101 787 196 826 Meo
214 788 312 826 mihi
329 789 412 828 haec
429 789 544 828 facis:
576 790 666 841 quia
683 789 780 827 mihi
794 796 830 827 te
848 789 1108 840 expetivi.''—

101 842 177 880 Illa
195 841 300 880 haud
318 845 478 881 verbum
495 843 610 887 facit;
641 851 677 881 et
696 843 793 894 sepit
809 851 910 881 veste
927 843 981 890 id,
1002 845 1072 894 qui
1090 842 1190 880 estis.

101 895 181 934 Ubi
211 896 323 933 illum
356 897 494 935 saltum
526 896 635 935 video
663 897 875 948 obseptum,
907 908 999 947 rogo
1025 904 1069 935 ut
1098 897 1214 934 altero

259 949 358 987 sinat
374 950 444 989 ire.
1161 951 1213 987 40

98 1002 214 1049 Volo,
234 1010 278 1040 ut
296 1005 490 1042 obvertam
509 1004 719 1043 cubitissim
735 1018 746 1041 ε
779 1006 806 1035 ³3²
837 1005 864 1034 ²¹²

99 1056 237 1094 Ullum
255 1057 408 1095 muttite
439 1061 459 1080 ⁸
492 1058 514 1078 ⁸
545 1062 566 1080 ⁸

98 1110 236 1159 Smgo,
258 1118 300 1147 ut
317 1110 458 1157 ineam,
477 1111 517 1148 in
551 1116 575 1139 ἕ
606 1113 630 1135 ἢ

96 1163 230 1214 Atque
247 1162 354 1202 illam
372 1164 413 1202 in
441 1164 464 1185 ¹
494 1165 517 1187 ³
547 1169 568 1188 ⁹

96 1218 214 1253 Mur.
245 1217 443 1269 Perlepide
461 1225 599 1257 narrat.
626 1224 651 1247 ’Ξ
680 1223 703 1246 ⁴
1158 1220 1210 1255 45

103 1271 233 1319 Olym.
261 1270 419 1311 Savium
449 1276 473 1298 *
503 1274 526 1296 ’²
554 1277 578 1299 ’ἓ
607 1277 633 1296 ¹¹

100 1323 176 1369 Ita,
197 1325 305 1374 quasi
323 1325 425 1372 setis,
444 1326 551 1364 labra
567 1326 664 1364 mihi
683 1328 907 1378 compungit
924 1327 1056 1366 barba.

98 1376 291 1415 Continuo
322 1378 362 1416 in
391 1392 519 1439 genua
549 1380 728 1419 adstituto
759 1389 892 1432 pectus
919 1381 1016 1418 mihi
1048 1380 1210 1432 pedibus

257 1440 432 1483 percunt.

97 1483 244 1523 Deeido
255 1486 352 1577 ndiefi
362 1486 459 1525 lecto
494 1500 686 1541 praeceps:
735 1489 907 1534 subsilit;
957 1488 1133 1526 obtundit
1169 1501 1210 1526 os

97 1591 196 1630 Inde
216 1592 321 1684 fel-af}
337 1567 489 1642 thoitus,
519 1596 731 1646 praefiscini,
752 1608 845 1635 exeo
867 1595 938 1634 hoc
957 1604 1106 1640 ornatu,
1134 1608 1211 1686 qgg

258 1660 295 1684 w
323 1661 375 1694 es,

96 1699 153 1737 Ut
172 1711 286 1738 senex
304 1701 376 1739 hoc
389 1701 521 1740 eodem
538 1704 689 1755 poculo,
710 1716 787 1756 quo
802 1717 871 1754 ego
886 1703 979 1749 bibi,
999 1703 1156 1742 biberet⁴

819 1759 937 1796 Cleo.'
950 1757 1123 1809 Optume
1141 1764 1209 1794 est.

94 1806 170 1845 Sed
190 1807 256 1845 ubi
274 1815 329 1846 est
347 1808 547 1859 palliolum
565 1817 678 1848 tuum
692 1813 710 1849 ‚⁹

600 1865 728 1913 Olym.
760 1864 840 1903 Hic
856 1865 960 1904 intus
979 1865 1128 1916 reliqui.

100 1916 203 1953 Cleo.
236 1914 345 1963 Quid
380 1927 483 1955 nunc
496 1919 514 1955 ἓ
554 1917 680 1955 sati’n’
716 1918 841 1969 lepide
876 1918 979 1957 adita
1015 1926 1071 1957 est
1104 1917 1210 1956 vobis

252 1969 419 2008 manus?

414 2025 543 2073 Olym.
572 2023 727 2064 bserito.

100 2077 201 2115 Cleo.
230 2076 300 2116 St!
332 2086 630 2127 concrepuerunt
647 2078 760 2118 forae.

362 2130 491 2180 Olym.
522 2132 633 2170 Num
652 2132 718 2171 illa
736 2146 798 2171 me
816 2145 905 2172 nam
925 2133 1094 2184 sequitur
1109 2136 1125 2170 ἓ

150 2195 253 2223 vox„
276 2196 307 2222 1.
920 2189 944 2223 Ξ.)
969 2197 991 2223 Ε
