1412 2427
154 70 228 108 140
433 68 791 108 AULULARIA.
822 69 903 107 111.
933 70 971 108 6.

160 179 259 215 Eue.
289 175 397 215 Illud
415 175 510 213 mihi
529 176 686 213 verbum
705 187 782 214 non
809 176 946 227 placet,
975 178 1005 200 “
1025 174 1141 223 Quod
1166 187 1267 215 nunc

163 283 264 321 Tam
284 229 448 372 ὴέξῖεὶὲἰεῑ.
459 295 521 320 me
540 282 692 330 habere,
712 293 828 332 quam
847 290 1007 332 egomet.
1050 282 1162 320 Anus
1181 230 1269 321 fedilt

320 349 346 386 p
387 348 461 373 am.

164 391 282 438 RIeg.
301 388 408 435 Quid
428 395 469 426 tu
489 395 526 426 te
543 389 645 426 solus
664 401 685 426 e
703 394 834 426 senatu
853 388 1029 426 sevocas‘?
1245 431 1252 437 ,

163 445 263 481 Eue.
286 441 372 491 Pol,
393 454 477 492 ego,
497 448 534 480 te
551 449 596 479 ut
612 453 784 480 accusem
801 441 950 486 merito,
969 441 1189 480 meditabar.

927 495 1044 543 Meg.
1061 494 1169 541 Quid
1187 494 1266 533 est?

165 550 265 588 Eue.
295 548 403 596 Quid
433 548 494 596 sit,
522 560 585 586 me
610 547 777 599 rogitas?
810 548 877 597 qui
903 547 999 584 mihi
1026 547 1171 586 omneis
1202 560 1271 585 an-

325 602 435 652 gulos
1223 601 1271 638 15

164 655 313 692 Furum
331 654 535 705 implevisti
551 654 590 692 in
611 654 754 692 aedibus
773 653 910 692 misero
927 653 1048 691 mihi:

163 708 246 754 Qui
262 707 498 746 intromisisti
515 708 556 746 in
575 708 686 746 aedeis
705 707 932 758 quingentos
951 719 1104 758 coquoe,

165 759 269 799 Cum
287 761 384 799 senis
401 761 592 808 manibus,
612 773 747 812 genere
767 761 1033 811 Geryonace03

164 814 274 861 Quos
293 814 325 852 si
344 814 474 865 Argus
495 822 627 862 servet,
648 814 715 865 qui
734 814 886 853 oculeus
903 820 1005 851 totus
1023 813 1111 862 fuit,

163 867 294 914 Quem
311 868 505 919 quondam
527 868 611 906 nini
629 869 658 906 J
661 879 737 905 uno
755 866 948 905 custodem
966 866 1126 916 addidit,
1220 869 1272 905 20

164 921 206 959 Is
224 932 422 971 nunquam
441 929 584 959 servet:
615 928 794 972 praeterea
812 920 1023 968 tibicinam,

163 973 265 1021 Quae
283 975 339 1011 mi
357 974 581 1012 interbibere
599 975 693 1020 sola,
714 974 745 1012 si
763 974 851 1012 vino
870 980 1000 1020 scatet,

166 1027 470 1065 Corinthiensem
487 1028 631 1066 fontem
652 1027 815 1065 Pirenen
835 1034 970 1078 potest.

164 1080 272 1118 Tum
289 1080 491 1131 opsonium
510 1088 638 1119 autem
654 1081 665 1117 !

565 1136 680 1184 Meg.
704 1134 791 1179 Pol,
811 1135 871 1173 vel
888 1133 1028 1185 legioni
1046 1141 1104 1172 sat
1122 1140 1190 1172 est.

163 1186 295 1225 Etiam
314 1199 458 1237 agnum
477 1187 576 1226 misi.

491 1243 592 1279 Eue.
611 1240 703 1288 Quo
721 1240 876 1292 quidem
894 1253 1007 1291 agno,
1028 1248 1086 1279 sat
1102 1241 1193 1289 scio,
1221 1242 1274 1278 25

163 1293 295 1345 Magis
314 1294 501 1332 curiosam
520 1307 710 1345 nusquam
729 1307 807 1332 esse
825 1294 947 1332 ullam
964 1295 1149 1332 belluam.

162 1350 278 1397 Meg.
299 1348 401 1385 Volo
420 1360 489 1398 ego
507 1360 555 1386 ex
574 1356 611 1386 te
629 1348 735 1395 scire,
755 1347 824 1398 qui
842 1347 890 1386 sit
908 1360 1029 1399 agnus
1048 1347 1164 1386 curio.

159 1401 260 1440 Eue.
281 1400 363 1448 Qui
380 1413 464 1439 ossa
488 1408 603 1452 atque
619 1401 728 1452 pellis
744 1400 893 1449 totu'st,
911 1400 966 1439 ita
983 1401 1075 1439 cur&
1089 1408 1225 1439 macet.

162 1455 272 1502 Quin
291 1461 378 1492 exta
393 1454 576 1505 inspicere
593 1455 634 1492 in
652 1454 729 1492 sole
747 1453 861 1491 etiam
879 1454 965 1493 vivo
981 1454 1070 1492 licet
1081 1467 1093 1491 ε

160 1507 224 1545 Ita
241 1508 273 1545 is
291 1507 456 1557 pellucet
474 1507 583 1557 quasi
600 1508 744 1544 laterna
758 1506 918 1545 Punica.
1219 1507 1272 1546 30

165 1564 279 1611 .Meg.
303 1559 545 1598 Caedundum
563 1560 674 1597 iUum
695 1572 765 1610 ego
783 1560 961 1598 conduxi.

543 1616 643 1651 Euc-
660 1613 767 1650 Tum
784 1620 827 1651 tu
846 1613 963 1662 idem,
983 1619 1187 1663 optumum
1208 1614 1269 1662 'st‚

163 1668 284 1706 Loces
302 1665 556 1704 efferendum:
588 1679 678 1704 nam
700 1667 797 1715 jam,
818 1667 940 1710 credo,
959 1667 1180 1706 mortuu’st.

163 1723 279 1770 Meg.
300 1720 437 1758 Potare
455 1733 524 1770 ego
543 1719 668 1767 hodie,
688 1719 840 1768 Euclio,
861 1727 988 1759 tecum
1005 1720 1104 1759 volo.

161 1777 261 1813 Euc-
281 1775 372 1812 Non
391 1781 520 1825 potem
538 1786 607 1825 ego
626 1773 817 1824 equidem,
837 1774 974 1812 hercle.

829 1829 945 1878 fileg.
964 1827 1024 1866 At
1041 1839 1110 1878 ego
1123 1827 1270 1877 jussero

163 1880 317 1921 cadum
335 1893 459 1919 unum
478 1880 556 1918 vini
575 1880 707 1919 veteris
726 1894 748 1918 a
765 1893 828 1919 me
845 1881 1022 1919 afferrier.
1216 1882 1269 1919 35

161 1936 261 1972 Eue.
294 1934 413 1983 Nolo,
446 1935 570 1973 hercle
585 1948 596 1971 ε
626 1946 716 1972 nam
749 1934 845 1972 mihi
865 1934 994 1973 bibere
1011 1934 1201 1974 decretum
1223 1933 1271 1973 ’st

319 2000 472 2039 aquam.

162 2043 277 2091 .Meg.
306 2040 393 2092 Ego
424 2048 460 2080 te
491 2041 601 2081 hodie
632 2041 786 2081 reddam
822 2041 1036 2093 madidum,
1065 2041 1130 2082 sed
1162 2041 1265 2091 vino,

171 2094 175 2097 ’
319 2096 446 2146 probe,
