1412 2427
407 67 783 108 AMPHITRUO.
814 67 898 106 111.
924 68 962 107 2.
1190 69 1243 107 43

132 174 430 214 Frustrationem
448 174 561 213 hodie
577 175 746 224 injiciam
764 187 1014 212 maxumam:
1196 175 1244 211 15

133 228 253 266 Post
242 229 360 278 igitur
377 228 534 266 demum
553 229 690 266 faciam
708 241 766 266 res
783 228 849 265 fiat
868 228 1013 278 palam,

130 282 262 332 Atque
280 282 537 320 Alcumenae
525 295 566 319 m
586 290 755 332 tempore
773 282 962 319 auxilium
982 281 1118 326 feram,

130 334 379 386 Faciamque
402 343 447 373 ut
463 347 542 373 uno
560 335 655 381 fetu,
676 342 714 372 et
731 335 834 386 quod
852 334 1037 385 gravida'
1041 343 1074 372 st
1093 334 1186 382 viro,

129 387 185 425 Et
202 400 265 425 me
283 389 387 439 quod
405 389 591 439 gravida’
595 396 642 435 st,
663 388 786 449 pariat
805 389 885 426 sine
903 387 1107 426 doloribus.

131 441 370 479 Mercurium
392 443 490 492 jussi
507 455 570 480 me
588 443 767 480 continuo
786 441 977 493 consequi,
1196 443 1249 479 20

130 494 172 533 Si
191 495 283 546 quid
302 495 399 534 velle
400 509 440 534 m
458 496 657 546 imperare.
714 496 833 534 Nunc
849 496 949 533 hanc
967 495 1153 547 alloquar.

374 658 560 697 ACTUS
590 657 674 696 III.
729 657 916 697 SCENA
946 657 1005 696 ΙΙ.

442 765 695 804 ALCMENA.
722 767 945 804 JL‘PITER.

131 872 220 911 Alc.
248 871 401 910 Durare
419 885 568 924 nequeo
585 874 626 911 in
645 874 813 912 aedibus:
844 873 898 911 ita
916 885 979 910 me
998 871 1143 922 probri,

130 926 276 976 Stupri,
298 926 501 974 dedecoris,
522 941 545 965 a
563 928 643 965 viro
662 935 839 978 argutam
858 939 943 964 meo
959 926 968 963 Ξ

130 980 205 1026 Ea,
225 992 313 1030 quae
331 990 419 1018 sunt
437 980 552 1027 facta,
571 981 710 1020 infecta
727 981 853 1028 refert,
874 993 917 1018 ac
936 979 1106 1018 clamitat
1119 993 1130 1015 ε

132 1032 233 1080 Quae
261 1045 386 1084 neque
416 1043 507 1072 sunt
534 1034 648 1082 facta,
678 1047 804 1086 neque
833 1045 902 1084 ego
930 1034 972 1071 in
1006 1045 1071 1071 me
1099 1030 1253 1078 admisi,

294 1100 335 1124 ar
376 1087 444 1131 1it;

133 1138 265 1191 Atque
282 1139 322 1176 id
336 1099 444 1177 {e
422 1153 564 1191 susque
582 1141 705 1192 deque
723 1154 802 1179 esse
820 1140 1038 1178 habituram
1056 1145 1183 1198 putat.
1227 1139 1252 1173 5

133 1193 226 1231 Non
247 1192 416 1243 (edepol)
433 1193 597 1239 faciam;
628 1207 753 1246 neque
771 1207 834 1232 me
852 1194 1040 1244 perpetiar
1058 1191 1187 1243 probri

133 1246 203 1284 Fal
208 1258 248 1284 50
265 1246 554 1289 insimulatam;
583 1248 676 1298 quin
696 1260 765 1298 ego
784 1247 896 1284 illum
916 1255 983 1284 aut
1003 1246 1189 1291 deseram,

134 1300 221 1337 Aut
240 1299 442 1337 satisfaciat
460 1303 516 1338 mi
535 1301 614 1348 ille,
636 1308 751 1352 atque
769 1300 949 1350 adjuret
938 1312 1108 1350 insuper,

135 1353 253 1391 Nolle
272 1366 350 1390 esse
368 1353 482 1401 dicta,
503 1367 590 1405 quae
608 1354 649 1391 in
668 1367 731 1392 me
750 1354 942 1391 insontem
962 1352 1134 1404 protulit.

135 1409 233 1458 Jup.
266 1406 540 1444 Faciundum’
543 1415 578 1445 st
602 1409 659 1445 mi
684 1407 798 1455 illud,
818 1406 900 1445 fieri
919 1405 1025 1457 quod
1051 1406 1149 1444 illaee
1167 1417 1255 1497 pos0

136 1514 179 1554 Si
197 1527 260 1552 me
277 1513 385 1552 illam
404 1523 599 1553 amantem
618 1515 667 1553 ad
686 1527 765 1554 sese
784 1514 959 1553 studeam
977 1513 1166 1564 recipere3

133 1567 317 1616 Quando,
338 1580 408 1619 ego
426 1568 531 1620 quod
548 1569 635 1618 feci,
655 1568 803 1607 factum
831 1567 873 1606 id
892 1566 1169 1619 Amphitruoni
1187 1567 1258 1605 ob-

295 1621 384 1668 fuit,

134 1675 270 1727 Atque
287 1674 353 1713 ille
371 1675 521 1714 dudum
538 1689 649 1715 meus
667 1690 774 1715 amor
792 1675 987 1727 negotium

137 1729 289 1766 Insonti
307 1728 464 1767 exhibui
467 1737 506 1767 t:
538 1742 641 1768 nunc
659 1738 788 1768 autem
807 1729 948 1767 insonti
965 1729 1062 1766 mihi

138 1782 281 1820 nlius
270 1795 326 1820 ira
343 1783 384 1819 ιιι
401 1782 501 1821 hanc
520 1791 557 1821 et
574 1784 777 1822 maledicta
795 1791 986 1833 expetent.
1209 1782 1256 1818 15

138 1837 229 1873 Ale.
258 1835 328 1882 Et,
347 1848 491 1882 eccum,
513 1837 636 1885 video,
657 1838 726 1889 qui
743 1850 806 1875 me
824 1837 1001 1874 miseram
1022 1836 1147 1887 arguit

138 1888 286 1940 Stupri,
308 1888 511 1927 dedecoris.

545 1947 580 1982 J
581 1959 644 1994 up
664 1944 725 1982 Te
743 1944 844 1991 volo,
863 1957 976 1992 uxor,
997 1943 1177 1994 colloqui.

139 1995 232 2044 Quo
251 2002 287 2034 te
305 2008 351 2034 av
353 1996 496 2035 ortisn.
485 2000 504 2024 ⁹

561 2053 647 2090 Alc.
676 2052 768 2090 Ita
758 2052 956 2103 ingenium
976 2063 1108 2090 meum
1128 2050 1201 2087 'set

139 2102 325 2142 Inimicus
343 2117 494 2155 semper
511 2118 575 2144 osa
593 2118 679 2144 sum
698 2106 899 2144 obtuerier.

134 2158 234 2207 Jeep.
266 2157 369 2196 Heia
387 2166 517 2198 autem
536 2159 738 2198 inimicos!
