1412 2427
435 35 771 74 BACGHIDES.
802 36 859 74 11.
890 39 927 73 2.
1163 39 1235 81 175

121 145 218 182 Chr.
248 143 366 190 Quia,
387 143 419 179 si
438 142 504 179 illa
522 142 674 179 inventa
696 141 754 188 'st‚
776 154 892 192 quam
912 142 976 180 ille
994 154 1111 189 amat,
1134 145 1227 183 vivit

278 204 376 234 recte
394 203 430 233 et
450 196 572 233 valet:

116 250 157 288 Si
175 261 252 287 non
272 249 426 286 inventa
438 249 499 295 ἐς
521 248 648 285 minus
667 248 791 292 valet;
813 248 1062 287 moribundus
1081 260 1146 288 est.
1180 252 1227 288 15

116 301 260 340 Anima
274 303 322 340 'st
340 303 462 340 amica
480 302 625 338 amanti
641 315 651 338 ε
682 302 714 339 si
733 302 851 347 abest,
872 302 1001 340 nullus
1020 310 1098 340 πίε

116 355 158 394 81
177 355 295 402 adest,
316 369 373 393 res
392 355 499 392 nulla
511 353 582 399 ’st;
612 355 718 405 ipsus
736 362 790 392 est
810 367 973 405 nequam
994 364 1030 392 et
1048 356 1174 394 miser.

113 409 188 447 Sed
207 417 248 446 tu
268 408 362 460 quid
381 407 558 445 factitasti
574 408 762 445 mandatis
781 421 892 458 super
906 411 923 446 Ρ

114 463 221 499 Ρίεΐ.
240 462 366 512 Egon'
387 469 443 508 ut,
465 461 567 512 quod
585 463 632 498 ab
651 461 717 498 illo
734 461 915 511 attigisset
934 462 1106 511 nuntius,

114 515 206 553 Non
224 515 470 565 impetratum
487 514 528 551 id
546 513 759 552 advenienti
773 515 807 552 ei
826 514 1019 553 redderem
1034 518 1051 554 ἓ
1171 520 1223 556 20

114 568 304 619 Region&
323 568 442 606 colere
459 567 660 605 mavellem
679 567 967 605 Acherunticas.

115 623 212 660 Chr.
229 621 343 660 Eho.
335 621 344 644 '
375 633 424 659 an
441 620 621 658 invenisti
639 620 901 659 Bacchidem?

738 676 842 712 Pist.
862 675 1031 713 Samiam
1050 677 1218 727 quidem.

114 730 208 768 Chr.
230 728 345 775 Vide,
363 727 531 780 (quaeso)
549 740 597 765 ne
616 728 700 779 quis
719 734 850 766 tractet
866 727 973 765 illam
991 729 1206 781 indiligens.

110 782 191 820 8615
209 789 266 829 tu,
287 790 329 820 ut
348 781 533 832 confringi
552 795 617 819 vae
635 781 708 820 cito
726 781 901 820 Samium
920 782 1027 820 solet.

111 837 216 874 Pist.
232 836 391 884 Jamne,
412 844 456 873 ut
473 835 598 873 soles?

405 889 500 928 Chr.
522 888 598 926 Dic
616 888 683 926 ubi
702 901 745 925 ea
762 901 866 927 nunc
884 896 952 936 est,
973 891 1136 929 obsecro.
1164 894 1215 930 25

111 944 214 980 Pist.
236 943 330 989 Hic,
351 952 553 980 exeuntem
573 954 635 979 me
653 941 754 980 unde
770 942 977 993 adspexisti
994 944 1120 983 modo.

104 997 197 1034 Clcr.
219 997 276 1034 Ut
291 996 388 1034 istuc
407 1003 461 1033 est
478 994 673 1045 lepidum!
706 1007 905 1044 proxumae
923 996 1070 1034 viciniae

107 1049 281 1088 Habitat.
338 1048 581 1099 Ecquidnam
601 1048 777 1085 meminit
795 1048 1048 1087 Mnesilochi.
1037 1050 1056 1074 ⁹

930 1104 1034 1140 Pigt.
1057 1104 1183 1155 Rogas
1197 1109 1215 1144 ἓ

108 1156 236 1194 11111110
255 1156 364 1194 1111166
383 1168 506 1194 unum
525 1154 682 1206 plurimi
699 1153 842 1204 pendit.

771 1209 805 1246 C
806 1208 867 1244 lzr.
889 1207 1030 1259 Papae!

103 1264 207 1301 Pist.
243 1263 386 1309 Immo,
424 1269 469 1300 ut
504 1274 592 1301 eum
628 1260 762 1308 credis,
808 1260 945 1300 misera
980 1275 1112 1302 amans
1147 1265 1213 1303 de-

261 1315 410 1354 siderat.
1160 1320 1214 1357 30

105 1371 199 1409 Chr.
221 1369 397 1408 Scitum
386 1379 496 1407 istuc.

286 1424 392 1460 Pisi.
410 1422 553 1482 Immo,
575 1422 772 1473 Chrysale,
791 1421 896 1469 hem,
916 1435 993 1460 non
1012 1425 1206 1463 tantulum

99 1477 284 1528 Unquam
303 1475 519 1514 intermittit
538 1483 703 1526 tempus,
725 1475 819 1526 quin
839 1488 927 1513 eum
945 1477 1127 1516 nominet„

100 1531 198 1569 Clzr.
217 1530 346 1568 Tanto
367 1527 538 1580 (hercle)
561 1529 694 1566 melior
712 1529 889 1567 Bacchis.

526 1583 630 1620 Pist.
649 1582 792 1620 Immo.

632 1637 727 1675 Chr.
749 1635 878 1674 Immo
896 1635 1065 1685 (1161616)
1084 1638 1210 1678 abiero

98 1689 251 1729 Potius.

175 1745 280 1782 Pist.
304 1743 413 1782 Num
432 1742 573 1780 invitus
590 1755 672 1780 rem
690 1744 786 1781 bene
803 1750 948 1794 gestam
967 1743 1075 1782 audis
1092 1744 1173 1784 heri
1188 1748 1206 1785 Ρ

97 1799 193 1837 Chr.
210 1797 302 1834 Non
319 1796 448 1842 herus,
469 1796 534 1834 sed
552 1803 666 1842 actor,
686 1796 782 1833 mihi
800 1809 863 1834 cor
876 1797 962 1835 odio
979 1797 1134 1836 sauciat.
1154 1800 1206 1837 35

94 1852 226 1890 Etiam
251 1849 472 1901 Epidicum,
502 1862 620 1899 quam
650 1862 718 1900 ego
741 1849 913 1888 fabulam
938 1863 1045 1901 aeque
1072 1865 1115 1890 ac
1143 1865 1205 1890 me

252 1903 380 1954 ipsum
399 1915 500 1948 amo,

96 1958 258 1997 Nullam
277 1969 383 2006 aeque
401 1955 541 1993 invitus
560 1963 700 2007 specto,
720 1956 751 1994 si
770 1957 848 2006 agit
869 1957 1003 1995 Pelho.

93 2011 169 2056 Sed
189 2010 348 2049 Bacchis
366 2008 480 2047 etiam
498 2008 603 2048 furtis
620 2009 691 2048 tibi
708 2010 788 2049 visa
807 2011 854 2048 'st
866 2013 884 2048 ?

787 2065 889 2102 Pist.
916 2063 1074 2114 Rogas?
