1412 2427
467 60 797 100 CAPTEIVEI.
830 62 886 100 11.
917 64 954 99 2.
1187 61 1267 105 237

154 167 210 205 Et
232 175 267 205 te
292 175 329 206 et
353 167 455 206 hunc
476 167 651 206 amittam
669 167 772 208 hinc.
813 168 907 206 Alio
931 176 1040 219 pacto
1065 168 1168 207 abire
1188 179 1267 205 non

366 229 433 259 ιω.
1215 222 1265 258 82

162 276 287 324 Tynd.
315 233 545 326 pgptumum
573 282 688 325 atque
715 273 989 325 aequissumum
1017 288 1123 320 oras;
1153 282 1266 326 optu-

315 340 478 379 musque
495 327 697 365 hominum
715 328 830 366 homo
849 341 899 366 ω.

154 381 228 420 Sed
247 381 278 419 is
295 381 483 432 privatam
502 381 719 419 servitutem
745 381 859 419 servit
881 381 952 429 illi,
973 393 1022 419 an
1041 381 1234 433 publicam
1247 380 1265 417 ⁹?

154 437 264 485 Heg.
292 435 486 473 Privatam
506 434 642 472 medici
660 434 874 472 Menarchi.

311 489 461 527 Philoc.
493 488 579 534 Pol,
598 488 661 526 hic
678 488 832 539 quidem
850 488 967 538 hujus
985 496 1040 526 &st
1058 487 1183 527 cliens.
1217 488 1267 525 85

155 542 257 580 Tam
280 541 352 579 hoc
379 542 532 592 quidem
560 541 629 579 tibi
652 541 694 579 'm
719 541 889 593 proclivi,
913 555 1030 593 quam
1055 542 1177 580 imber
1196 548 1268 590 est,

313 595 467 646 quando
485 595 597 646 pluit.

156 650 265 698 Heg.
291 648 383 693 Fac,
405 649 436 686 is
453 648 569 686 homo
587 656 631 686 ut
650 648 870 686 redimatur.

342 703 467 751 Tynd.
497 701 666 740 Faciam.
708 701 784 741 Sed
802 710 839 740 te
856 702 896 740 id
913 715 993 749 oro,
1013 701 1141 753 Hegio
1159 728 1171 739 .
1187 727 1199 739 .
1224 728 1234 739 .
1256 729 1268 741 .

154 757 262 805 Heg.
295 754 473 803 Quidvis,
494 755 588 793 dum
607 757 655 793 ab
674 768 713 792 re
733 768 781 793 ne
799 756 892 806 quid
910 769 1005 804 ores,
1024 756 1172 794 faciam.

652 810 777 858 Tynd.
805 809 995 848 Ausculta
1012 809 1132 856 dum;
1161 809 1266 848 πίω.

152 862 240 913 Ego
257 875 320 900 me
344 861 483 910 amitti,
511 861 691 900 donicum
714 862 779 901 ine
804 862 880 901 huc
901 862 1064 910 redierit,
1084 875 1160 901 non
1178 875 1269 913 pos-

315 916 410 954 tulo.

154 969 302 1008 Verum
329 977 367 1007 te
395 982 536 1021 quaeso,
570 976 614 1007 ut
646 976 891 1008 aestumatum
922 969 1026 1008 hunc
1056 969 1154 1008 mihi
1183 970 1263 1019 des,

309 1035 426 1073 quem
444 1023 596 1060 mittam
615 1022 665 1060 ad
682 1031 845 1073 patrem,
1212 1026 1264 1063 90

153 1075 210 1113 Ut
228 1074 259 1112 is
277 1074 392 1113 homo
411 1076 621 1114 redimatur
639 1076 707 1113 illi.

552 1130 658 1178 Hcg.
690 1130 832 1179 Immo,
848 1130 968 1168 alium
986 1130 1113 1182 potius
1130 1130 1266 1169 misero

152 1181 269 1226 Hinc,
295 1182 362 1220 ubi
387 1190 499 1221 erunt
522 1182 698 1232 induciae,
727 1183 820 1222 illuc
842 1190 953 1221 tuum
977 1184 1045 1236 qui
1070 1184 1267 1222 conveniat

150 1287 233 1336 Qui
251 1245 499 1342 tuaPaciiiZntii
520 1288 666 1328 miseris
690 1289 885 1339 mandata,
904 1291 971 1339 ita,
991 1298 1036 1329 ut
1053 1291 1158 1339 velis,
1179 1303 1266 1341 per-

157 1396 283 1445 Tynd.
302 1343 477 1434 gegaghss
497 1403 566 1445 est,
587 1397 764 1448 ignotum
781 1396 831 1435 ad
848 1397 961 1436 illum
979 1398 1152 1436 mittere:
1174 1410 1265 1450 ope-

150 1501 271 1541 Hunc
290 1463 400 1542 mixtrtne
413 1451 655 1542 :lulsxiedlscimne
683 1511 916 1542 transactum
940 1504 1085 1553 reddet,
1115 1504 1148 1542 si
1171 1503 1264 1543 illuc

149 1609 190 1647 N
193 1623 233 1648 ec
251 1565 487 1662 qugssnglllffatx-Il
513 1610 733 1659 fideliorem,
759 1623 883 1662 neque
902 1611 992 1663 quoi
1017 1611 1105 1663 plus
1123 1560 1263 1656 εῐθᾱξῖῗ

151 1673 512 1782 ΜὶῖῐετεΡὲᾱιῖιιω,
541 1729 610 1755 nec
634 1718 703 1769 qui
725 1718 847 1770 magis
873 1718 921 1757 sit
945 1731 1074 1757 servus
1100 1731 1149 1757 ex
1179 1730 1265 1757 sen-

150 1823 290 1875 Neque
311 1778 429 1862 tglga
439 1785 531 1875 iluoi
553 1832 667 1887 tuum
688 1824 885 1864 concredat
910 1825 1035 1863 filium
1056 1825 1170 1864 hodie
1193 1839 1266 1864 au-

150 1931 192 1968 N
195 1943 214 1968 e
233 1876 516 1968 vereiffililsmeo
534 1930 702 1981 periculo
718 1931 839 1981 hujus
858 1945 928 1983 ego
945 1931 1116 1983 experiar
1134 1931 1263 1978 fidem,

150 1984 287 2022 fretus
304 1984 456 2074 inglenio
471 1985 566 2032 ejus,
586 1984 690 2034 quod
707 1997 770 2023 me
794 1998 872 2024 &se
896 1986 964 2025 scit
987 1999 1077 2037 erga
1094 1999 1132 2024 se
1151 1987 1266 2076 beffied

151 2091 261 2140 Heg.
290 2050 454 2151 §agg
469 2091 645 2142 equidem
670 2091 794 2131 istunc
817 2100 1061 2132 astumatum
1088 2092 1155 2130 tua
1173 2091 1263 2140 fide,

312 2156 345 2182 Sl
363 2157 431 2182 Vis.
