1412 2427
156 53 207 89 24
472 52 846 92 AMPHITRUO.
874 53 906 90 Ι.
934 54 970 89 3.

283 161 317 197 J
319 173 380 209 up.
409 159 573 211 Edepol,
592 159 695 197 haud
714 159 816 210 quod
836 159 890 197 tui
909 172 981 204 me,
1001 171 1123 209 neque
1141 158 1260 204 domi,

309 212 525 250 distaedeat:
1235 215 1260 249 5

152 265 242 310 Sed,
262 266 329 302 ubi
348 279 520 304 summus
539 266 742 317 imperator
755 278 829 303 non
850 265 955 303 adest
972 265 1021 302 ad
1038 265 1259 311 exercitum,

153 318 290 362 Citius,
310 318 412 369 quod
431 331 507 356 non
526 319 624 358 facto
644 320 692 357 'st
707 331 812 367 usus,
833 319 889 366 fit,
905 331 1021 369 quam
1041 318 1143 369 quod
1161 318 1260 355 facto

313 372 360 409 'st
377 385 398 409 ο
427 385 485 410 us.

155 425 286 461 Merc.
315 386 443 463 Nimlis
468 426 528 463 hic
547 425 661 463 scitus
679 433 733 463 est
751 425 995 476 sycophanta,
1016 424 1083 475 qui
1105 423 1260 475 quidem

312 490 419 515 meus
438 478 485 516 sit
502 486 619 529 pater.

154 529 414 577 observatote,
435 544 551 582 quam
570 531 708 569 blande
726 531 876 568 mulieri
894 531 1121 580 palpabitur.

155 583 243 620 Ale.
272 583 444 631 Ecastor,
483 597 523 622 re
559 585 743 634 experior,
782 584 915 634 quanti
951 583 1065 621 facias
1105 596 1262 621 uxorem

317 644 435 674 tuam.
1215 637 1262 675 10

155 691 252 738 Jup.
281 689 416 727 Sati’n'
444 691 573 737 habes,
598 691 629 728 si
658 689 888 728 feminarum
923 690 1031 727 nulla
1062 692 1121 737 ‘st,
1147 702 1264 741 quam

313 756 420 794 aeque
437 743 594 794 diligam
609 746 626 781 ἒ

157 796 286 832 Mero.
315 796 478 847 Edepol,
498 809 557 834 nae
574 797 642 834 illa
661 797 690 834 si
714 796 794 834 istis
817 798 928 834 rebus
948 804 985 834 te
1003 797 1095 835 sciat
1113 809 1265 848 operam

315 849 417 897 dare,

155 901 241 952 Ego
270 902 404 949 faxim,
444 910 480 941 te
512 903 838 954 Amphitruonem
876 917 954 942 esse
988 903 1114 950 malis,
1149 916 1267 954 quam

317 957 469 994 Jovem.

158 1010 245 1046 Alc.
275 1008 453 1059 Experiri
489 1010 586 1048 istuc
614 1010 815 1048 mavellem
849 1023 926 1058 me,
957 1023 1074 1062 quam
1103 1011 1159 1048 mi
1189 1023 1269 1048 me-

317 1075 508 1100 moraner.

159 1114 271 1153 Prius
307 1115 401 1162 abis,
441 1129 559 1167 quam
594 1116 726 1164 lectsis,
765 1117 832 1154 ubi
869 1117 1048 1165 cubuisti,
1082 1117 1272 1156 concaluit

321 1168 438 1206 locus.
1222 1172 1270 1208 15

159 1220 262 1258 Here
274 1221 408 1259 venisti
421 1221 548 1260 media
559 1230 668 1260 nocte
682 1237 692 1259 ε
714 1234 815 1260 nunc
829 1223 909 1262 abis
923 1238 933 1261 ι
954 1224 1109 1262 hoccine
1118 1224 1242 1274 placet
1251 1226 1269 1262 ‚⁹

161 1276 292 1312 Eser-c.
320 1275 529 1322 Accedam,
559 1283 673 1326 atque
700 1276 798 1314 hanc
822 1277 1037 1328 appellabO,
1067 1285 1105 1315 et
1131 1290 1271 1329 suppa-

320 1328 503 1366 rasitabor
521 1329 631 1379 patri,

161 1380 374 1431 Nunquam
396 1380 567 1432 (edepol)
589 1394 823 1433 quemquam
848 1383 1046 1421 mortalem
1073 1383 1183 1421 credo
1201 1395 1271 1434 ego

319 1446 477 1472 uxorem
497 1447 607 1471 suam

161 1486 223 1523 Sic
241 1486 407 1523 efflictim
423 1499 564 1535 amare,
579 1486 737 1537 proinde
751 1494 795 1525 ut
807 1487 869 1525 hic
880 1495 916 1526 te
931 1487 1098 1527 efflictim
1113 1489 1269 1541 deperit.

160 1541 258 1588 Jup.
287 1539 496 1586 Carnufex,
526 1552 603 1577 non
633 1552 703 1590 ego
731 1548 768 1578 te
797 1541 917 1580 novi?
964 1542 1099 1580 Abi’n’
1132 1556 1152 1581 e
1182 1555 1270 1581 con-

322 1599 450 1642 spectu
470 1596 586 1632 meo?
1220 1599 1272 1635 20

162 1645 270 1692 Quid
284 1645 352 1683 tibi
366 1645 464 1683 hanc
476 1646 619 1684 curatio
631 1653 685 1684 est
696 1660 791 1694 rem,
803 1650 972 1697 verbero,
989 1657 1055 1688 aut
1068 1650 1238 1688 muttitio
1252 1652 1270 1688 Ρ

163 1698 267 1746 Quoi
287 1698 386 1749 (pol)
405 1711 473 1749 ego
488 1700 570 1748 jam
588 1700 659 1738 hoc
680 1700 843 1751 scipione
869 1729 1038 1740 .....

696 1753 777 1791 Alc.
808 1755 877 1792 Ah
893 1756 902 1792 !
934 1756 1026 1793 noli.
1250 1783 1256 1789 -

839 1811 936 1859 Jup.
967 1809 1131 1848 Muttito
1147 1810 1273 1849 modo.

162 1860 296 1896 Mero.
327 1859 514 1910 Nequiter
531 1872 639 1911 paene
658 1860 850 1910 expedivit
868 1862 991 1913 prima
1008 1863 1237 1914 parasitatio.

163 1914 263 1962 Jup.
283 1912 447 1961 Verum,
462 1913 564 1965 quod
583 1913 689 1961 dicis,
708 1926 794 1952 mea
812 1928 923 1965 uxor,
942 1928 1019 1954 non
1038 1924 1076 1956 te
1092 1918 1148 1954 mi
1167 1917 1275 1955 irasci

324 1966 439 2005 decet.
1229 1978 1233 1979 ⁷

166 2017 395 2109 ClanculuLn
426 2019 501 2058 abii
531 2034 554 2060 a
586 2020 756 2072 legione:
795 2034 949 2073 operam
982 2023 1079 2063 hanc
1112 2024 1277 2114 surrip2ug

326 2079 355 2110 tl
383 2085 420 2117 ις
