1412 2427
452 17 830 75 AMPHiTRUo.
858 36 917 74 11.
948 38 986 73 2.
1202 38 1251 76 31

128 144 228 183 Est
217 155 258 181 m
277 149 387 181 aetaoe
402 143 634 187 hominum;

127 198 190 236 Ita
209 196 296 234 Diis
317 196 518 247 placitum,
539 197 774 247 voluptatem
794 202 838 233 ut
856 207 992 233 moeror
1011 208 1135 235 comoe
1155 210 1246 236 con-

354 258 491 288 uatur.
1218 254 1243 288 5

126 286 235 351 Quin
264 263 497 342 insecgmmoffi
526 303 616 354 plus
640 302 810 354 malique
836 301 937 341 inico
960 303 1065 351 assit,
1089 304 1180 341 boni
1209 305 1240 342 si

285 357 421 407 obtigit
441 357 546 408 quid.

125 410 234 448 Nam
252 423 322 461 ego
339 411 379 448 id
397 423 500 450 nunc
519 410 689 461 experior
706 409 835 457 domo,
859 417 975 461 atque
999 409 1083 462 ipsa
1105 408 1152 448 de
1177 423 1241 449 me

287 464 377 510 scio,
398 465 488 515 quoi
506 465 681 515 voluptas

126 518 339 569 Parumper
358 518 446 556 data
465 517 539 563 ’st;
567 517 663 555 dum
687 517 759 556 viri
780 517 857 555 mei
880 516 978 555 mihi
1003 524 1167 567 potestas
1186 518 1240 556 vi-

286 571 402 609 dendi
418 571 492 609 fuit

123 625 288 664 Noctem
316 637 434 663 unam
463 625 601 663 modo:
631 631 746 677 atque
773 625 805 663 is
831 632 988 676 repente
1014 624 1109 663 abiit
1130 638 1153 663 a
1177 637 1240 663 me

283 678 373 716 hinc
392 687 480 716 ante
498 679 637 717 lucem.

121 732 211 772 Sola
227 732 292 771 hic
309 732 406 770 mihi
416 744 519 770 nunc
538 732 679 780 videor,
696 731 788 793 quia
804 731 869 770 ine
886 731 976 770 hinc
986 733 1105 780 abest,
1122 744 1240 783 quem

282 799 352 846 ego
371 799 458 824 amo
476 794 612 837 praeter
629 786 789 824 omneis.
1189 786 1238 823 10

121 840 218 878 Plus
237 840 327 890 aegri
345 852 396 877 ex
412 840 519 878 abitu
538 839 622 887 viri,
641 852 761 891 quam
776 852 824 878 ex
837 839 1004 879 adventu
1015 839 1238 891 voluptatis,

120 946 198 986 Sed
214 893 380 985 hocciiiid
397 949 486 985 boet
513 947 664 996 saltem,
690 946 795 998 quod
823 947 1050 999 perduelleis
1068 946 1172 995 vicit,
1201 954 1239 987 et

121 1053 266 1092 Laudis
283 1001 443 1104 ἓξὲξ
450 1054 618 1092 revenit:
648 1054 690 1091 id
708 1054 840 1093 solatio
859 1054 920 1093 'st·
958 1053 1102 1100 Absit;
1122 1053 1242 1092 dum-

122 1161 257 1199 Laude
274 1108 563 1211 gffiodomum
585 1161 740 1211 recipiat
759 1174 821 1199 se:
851 1162 972 1200 feram
991 1169 1028 1199 et
1047 1160 1238 1213 perferam

121 1227 538 1316 Abimmugfflsseanimo
555 1267 644 1305 forti
662 1275 778 1319 atque
795 1268 1008 1306 obfirmato.
1055 1267 1105 1306 Id
1123 1265 1238 1306 modo

282 1321 314 1359 si
332 1321 512 1359 mercedis
1190 1321 1237 1358 15

119 1375 246 1414 Datur
263 1374 375 1421 mihi,
395 1382 439 1412 ut
458 1387 566 1412 meus
585 1375 702 1413 victor
721 1375 779 1413 vir
795 1375 889 1414 bem
907 1376 1044 1421 cluent,
1065 1375 1154 1412 satis

118 1429 225 1467 Mihi
243 1441 320 1466 esse
338 1428 488 1465 duoem.
530 1429 663 1467 Virtus
682 1429 884 1479 praemium
903 1436 958 1467 est
975 1436 1192 1480 optumum.

119 1483 255 1522 Virtus
273 1482 450 1520 omnibus
469 1483 582 1520 rebus
599 1483 717 1520 anteit
735 1483 916 1533 profecto.

120 1536 310 1583 Libertas,
331 1535 446 1581 salus,
467 1535 557 1582 vita,
577 1549 649 1581 res,
673 1544 860 1585 parentes,

120 1590 264 1636 Patria,
284 1597 321 1627 et
339 1590 527 1640 prognati,
548 1597 735 1635 tutantur,
756 1598 977 1628 servantur:
1181 1591 1234 1628 20

117 1643 253 1683 Virtus
271 1643 399 1680 omnia
417 1643 457 1679 in
476 1656 514 1680 se
532 1643 670 1681 habet.
691 1643 820 1681 omnia
838 1651 968 1682 assunt
985 1645 1099 1691 bona,
1120 1655 1236 1695 quem

281 1708 397 1746 penes
417 1704 472 1734 est
491 1696 621 1735 virtus.

120 1751 265 1800 Amph.
294 1749 458 1800 Edepol,
480 1762 544 1788 me
567 1749 679 1788 uxori
707 1758 930 1801 exoptatum
955 1751 1065 1790 credo
1094 1750 1235 1789 adven-

283 1811 413 1840 turum
432 1803 608 1850 domum,

120 1857 222 1907 Quae
249 1869 311 1894 me
339 1863 455 1902 amat,
491 1870 609 1908 quam
638 1864 767 1898 contra
802 1870 914 1897 amo:
952 1858 1160 1910 prasertim
1194 1870 1235 1896 re

281 1910 390 1961 gesta
407 1911 513 1954 bene,

118 1964 243 2002 Victis
260 1963 446 2011 hostibus,
467 1977 563 2015 quos
581 1978 696 2004 nemo
714 1978 822 2016 posse
839 1965 1007 2016 superari
1025 1965 1124 2004 ratu’
1128 1973 1186 2003 st:

119 2019 214 2066 Eos,
235 2017 401 2068 auspicio
415 2031 500 2057 meo
518 2026 632 2071 atque
646 2019 778 2066 ductu,
791 2019 915 2070 primo
934 2026 1031 2058 eoetu
1049 2019 1234 2058 vicimus.

122 2072 235 2111 Certe
268 2071 370 2110 enim
406 2084 466 2110 me
500 2071 558 2110 illi
584 2081 844 2125 exspectatum
875 2081 1004 2125 optato
1033 2082 1237 2112 venturum

288 2124 378 2164 seio.
1190 2126 1242 2163 26
