1412 2427
264 62 637 102 AMPHITRUO.
667 64 741 102 IV.
773 61 1034 114 [Supposita.]
1160 64 1212 106 57

309 168 392 204 Sos.
419 165 628 215 Blepharo,
648 164 741 212 11118,
762 165 831 216 qui
1189 166 1215 203 6

106 219 171 258 Ex
190 217 348 266 aedibus,
368 218 478 256 heru’
480 226 526 266 st,
545 218 608 256 hic
626 231 713 257 vero
732 219 930 257 veneficus

770 273 909 322 Bleph.
932 273 1008 310 Pro
1028 272 1210 322 Jupiter!

104 316 213 373 Quid
230 325 406 363 intueor?
447 325 525 363 Hic
551 337 628 363 non
659 332 729 372 est,
759 325 825 363 sed
852 325 932 374 ille,
963 326 1214 376 Amphitruo.

260 379 329 416 Is
305 391 352 416 uc
371 379 402 416 si
419 378 516 425 fuat,

100 431 222 470 Illum
241 444 330 470 sane
351 445 428 470 non
452 445 530 470 esse
554 432 734 483 oportuit,
755 432 828 471 nisi
850 432 1006 484 quidem
1026 433 1075 470 sit
1096 432 1218 482 gemi-

263 497 348 524 nus.

103 541 138 577 J
138 552 203 589 up.
240 539 389 577 Eccum
408 552 496 578 cum
515 539 761 591 Blepharone
780 540 940 579 Sosiam.
971 539 1222 591 Compellabo

264 593 334 631 hos
352 593 471 644 prius.
506 594 627 641 Sosia,
1169 593 1219 630 lo

106 646 284 685 Tandem
306 646 355 684 ad
374 647 468 685 nos?
509 647 666 686 Esurio.

656 701 834 717 .....

105 754 252 804 Amph.
281 754 412 792 Immo
440 767 509 806 ego
534 729 651 803 minc,
680 755 857 792 Thebani
878 755 990 802 cives,
1020 754 1088 805 qui
1117 727 1222 791 dom'i

266 821 427 846 Uxorem
449 821 577 846 meam

107 860 355 913 Impudicitja
377 862 597 923 impetivit3
626 875 693 914 per
727 875 843 914 quem
864 869 974 900 teneo
1000 861 1222 899 thesaurum

267 923 326 953 stu
356 915 401 953 ri.
454 925 458 929 “
520 923 530 932 “

109 970 190 1007 Sos.
230 929 355 1059 Heri³
371 969 402 1007 si
420 976 463 1006 tu
481 981 585 1007 nunc
605 969 738 1018 esuris,
757 982 826 1020 ego
846 976 949 1007 satur
966 968 1107 1020 pugnis
1127 968 1175 1006 ad
1187 976 1224 1006 te

268 1035 315 1060 vo
346 1030 396 1060 to.

110 1075 257 1124 Amph.
287 1074 474 1125 Pergi’n',
493 1076 670 1125 mastigia
684 1079 701 1114 Ρ

274 1129 358 1166 Sos.
382 1129 465 1166 Abi
483 1129 532 1166 ad
549 1129 828 1177 Acheruntem,
849 1129 1024 1168 venefice.

596 1183 742 1232 Amph.
774 1183 884 1221 Men’
905 1182 1144 1221 veneficum?
1176 1181 1224 1218 15

112 1234 281 1286 Vapula.

266 1290 366 1339 Jup.
394 1288 508 1336 Quae‚
528 1288 678 1340 hospes,
699 1290 949 1340 intemperiae,
970 1296 1014 1327 ut
1033 1297 1076 1327 tu
1093 1301 1224 1327 meum

326 1342 525 1380 verberes?

484 1397 630 1446 Amph.
663 1397 829 1436 Tuum?

832 1453 931 1501 Jup.
961 1450 1115 1489 Meum.

112 1504 261 1555 Amph.
290 1503 482 1542 Mentiris.

313 1560 412 1608 Jup.
443 1557 564 1604 Sosia,
589 1557 604 1594 i
626 1557 738 1596 intro.
771 1558 881 1596 Dum
903 1557 1007 1596 hunc
1032 1556 1224 1601 Sacrufico,

378 1611 438 1649 fac
456 1617 611 1662 paretur
633 1611 853 1662 prandium.
1284 1608 1294 1614 ’

108 1666 190 1704 Sos.
213 1664 298 1703 Ibo.
326 1664 671 1716 Amphitruonem,
688 1665 862 1714 arbitror,
877 1665 932 1703 ita
950 1665 1105 1703 comiter
1118 1664 1223 1702 Am-

267 1717 424 1769 phitruo

108 1770 298 1822 Accipiet,
321 1779 366 1808 ut
387 1771 537 1809 dudum
560 1779 705 1810 memet
727 1785 796 1839 ego
814 1772 883 1851 1118
904 1772 999 1810 alter
1021 1772 1130 1811 Sosia
1150 1773 1222 1812 So·

267 1824 374 1862 siam.

107 1876 272 1925 Interea,
265 1877 402 1968 rgiiJm
391 1878 454 1915 lsti
465 1885 621 1927 certant,
635 1878 675 1916 in
688 1851 870 1943 popinam
863 1849 1225 1970 ἀ8νοηι111ᾶι11112ῧῐ

348 1943 362 1967 1

104 1983 252 2023 Lancoe
283 1983 476 2035 detergam
510 1986 671 2034 omneis,
706 1986 928 2038 omneisque
960 1987 1093 2026 trullas
1125 1987 1222 2025 hau-

263 2037 374 2075 riam.

367 2092 465 2140 Jup.
494 2090 600 2131 Tun‘
621 2104 683 2131 me
