<?xml version="1.0" encoding="UTF-8"?>
<!DOCTYPE html PUBLIC "-//W3C//DTD XHTML 1.0 Transitional//EN"
    "http://www.w3.org/TR/xhtml1/DTD/xhtml1-transitional.dtd">
<html xmlns="http://www.w3.org/1999/xhtml" xml:lang="en" lang="en">
 <head>
  <title>
</title>
<meta http-equiv="Content-Type" content="text/html;charset=utf-8" />
  <meta name='ocr-system' content='tesseract 3.04.00' />
  <meta name='ocr-capabilities' content='ocr_page ocr_carea ocr_par ocr_line ocrx_word'/>
</head>
<body>
  <div class='ocr_page' id='page_1' title='image "./comoediaesupers01plauuoft_0093.png"; bbox 0 0 1412 2427; ppageno 0'>
   <div class='ocr_carea' id='block_1_1' title="bbox 366 73 1149 112">
    <p class='ocr_par' dir='ltr' id='par_1_1' title="bbox 366 73 1149 112">
     <span class='ocr_line' id='line_1_1' title="bbox 366 73 1149 112; baseline 0.001 -1"><span class='ocrx_word' id='word_1_1' title='bbox 366 73 665 112; x_wconf 79' lang='lat' dir='ltr'><strong>ASINARIA.</strong></span> <span class='ocrx_word' id='word_1_2' title='bbox 693 74 751 112; x_wconf 94' lang='grc' dir='ltr'><strong>ΙΙ.</strong></span> <span class='ocrx_word' id='word_1_3' title='bbox 781 75 820 110; x_wconf 88' lang='lat'><strong>3.</strong></span> <span class='ocrx_word' id='word_1_4' title='bbox 1099 77 1149 112; x_wconf 85' lang='lat'><strong>85</strong></span> 
     </span>
    </p>
   </div>
   <div class='ocr_carea' id='block_1_2' title="bbox 34 179 1151 1142">
    <p class='ocr_par' dir='ltr' id='par_1_2' title="bbox 34 179 1151 1142">
     <span class='ocr_line' id='line_1_2' title="bbox 39 179 1151 231; baseline 0.002 -13"><span class='ocrx_word' id='word_1_5' title='bbox 39 179 140 218; x_wconf 84' lang='lat' dir='ltr'><strong>Mox</strong></span> <span class='ocrx_word' id='word_1_6' title='bbox 158 191 273 231; x_wconf 88' lang='lat' dir='ltr'><strong>quom</strong></span> <span class='ocrx_word' id='word_1_7' title='bbox 294 179 478 218; x_wconf 83' lang='lat' dir='ltr'><strong>Sauream</strong></span> <span class='ocrx_word' id='word_1_8' title='bbox 497 180 687 227; x_wconf 82' lang='lat' dir='ltr'><strong>imitabor,</strong></span> <span class='ocrx_word' id='word_1_9' title='bbox 710 188 839 219; x_wconf 88' lang='lat' dir='ltr'><strong>caveto</strong></span> <span class='ocrx_word' id='word_1_10' title='bbox 858 191 905 218; x_wconf 91' lang='lat' dir='ltr'><strong>ne</strong></span> <span class='ocrx_word' id='word_1_11' title='bbox 923 193 1151 220; x_wconf 82' lang='lat' dir='ltr'><strong>succenseas.</strong></span> 
     </span>
     <span class='ocr_line' id='line_1_3' title="bbox 40 232 1149 284; baseline 0 -13"><span class='ocrx_word' id='word_1_12' title='bbox 40 234 179 271; x_wconf 81' lang='lat' dir='ltr'><strong>Liban.</strong></span> <span class='ocrx_word' id='word_1_13' title='bbox 205 232 360 279; x_wconf 87' lang='lat' dir='ltr'><strong>Hercle,</strong></span> <span class='ocrx_word' id='word_1_14' title='bbox 380 245 482 280; x_wconf 85' lang='lat' dir='ltr'><strong>vero,</strong></span> <span class='ocrx_word' id='word_1_15' title='bbox 506 241 548 271; x_wconf 85' lang='lat' dir='ltr'><strong>tu</strong></span> <span class='ocrx_word' id='word_1_16' title='bbox 571 234 733 281; x_wconf 77' lang='lat' dir='ltr'><strong>cavebis,</strong></span> <span class='ocrx_word' id='word_1_17' title='bbox 760 245 807 271; x_wconf 91' lang='lat' dir='ltr'><strong>ne</strong></span> <span class='ocrx_word' id='word_1_18' title='bbox 828 246 891 271; x_wconf 90' lang='lat' dir='ltr'><strong>me</strong></span> <span class='ocrx_word' id='word_1_19' title='bbox 916 235 1064 284; x_wconf 70' lang='lat' dir='ltr'><strong>attigas.</strong></span> <span class='ocrx_word' id='word_1_20' title='bbox 1110 235 1149 272; x_wconf 89' lang='lat' dir='ltr'><strong>Si</strong></span> 
     </span>
     <span class='ocr_line' id='line_1_4' title="bbox 196 286 1147 336; baseline 0.002 -13"><span class='ocrx_word' id='word_1_21' title='bbox 196 298 260 324; x_wconf 90' lang='lat' dir='ltr'><strong>me</strong></span> <span class='ocrx_word' id='word_1_22' title='bbox 278 286 390 336; x_wconf 86' lang='lat' dir='ltr'><strong>tagis,</strong></span> <span class='ocrx_word' id='word_1_23' title='bbox 1072 288 1147 325; x_wconf 70' lang='lat'><strong>106</strong></span> 
     </span>
     <span class='ocr_line' id='line_1_5' title="bbox 39 339 1151 391; baseline -0.001 -12"><span class='ocrx_word' id='word_1_24' title='bbox 39 341 81 379; x_wconf 87' lang='lat' dir='ltr'>N</span> <span class='ocrx_word' id='word_1_25' title='bbox 82 353 128 387; x_wconf 88' lang='lat' dir='ltr'><strong>ae</strong></span> <span class='ocrx_word' id='word_1_26' title='bbox 147 339 260 377; x_wconf 88' lang='lat' dir='ltr'><strong>hodie</strong></span> <span class='ocrx_word' id='word_1_27' title='bbox 277 339 380 377; x_wconf 88' lang='lat' dir='ltr'><strong>malo</strong></span> <span class='ocrx_word' id='word_1_28' title='bbox 399 351 487 377; x_wconf 90' lang='lat' dir='ltr'><strong>cum</strong></span> <span class='ocrx_word' id='word_1_29' title='bbox 505 340 672 391; x_wconf 86' lang='lat' dir='ltr'><strong>auspicio</strong></span> <span class='ocrx_word' id='word_1_30' title='bbox 688 352 828 379; x_wconf 89' lang='lat' dir='ltr'><strong>nomen</strong></span> <span class='ocrx_word' id='word_1_31' title='bbox 847 341 1151 378; x_wconf 79' lang='lat' dir='ltr'><strong>commutaveris.</strong></span> 
     </span>
     <span class='ocr_line' id='line_1_6' title="bbox 37 392 792 445; baseline 0.001 -14"><span class='ocrx_word' id='word_1_32' title='bbox 37 395 157 431; x_wconf 83' lang='lat' dir='ltr'><strong>Leon.</strong></span> <span class='ocrx_word' id='word_1_33' title='bbox 191 392 346 437; x_wconf 57' lang='lat' dir='ltr'><strong>Quaeso</strong></span> <span class='ocrx_word' id='word_1_34' title='bbox 367 405 476 444; x_wconf 84' lang='lat' dir='ltr'><strong>aequo</strong></span> <span class='ocrx_word' id='word_1_35' title='bbox 495 393 622 432; x_wconf 83' lang='lat' dir='ltr'><strong>animo</strong></span> <span class='ocrx_word' id='word_1_36' title='bbox 640 394 792 445; x_wconf 78' lang='lat' dir='ltr'><strong>patitor.</strong></span> 
     </span>
     <span class='ocr_line' id='line_1_7' title="bbox 154 446 1148 499; baseline 0.001 -15"><span class='ocrx_word' id='word_1_37' title='bbox 154 447 296 484; x_wconf 76' lang='lat' dir='ltr'><strong>Liban.</strong></span> <span class='ocrx_word' id='word_1_38' title='bbox 328 446 475 484; x_wconf 85' lang='lat' dir='ltr'>Patitor</span> <span class='ocrx_word' id='word_1_39' title='bbox 493 453 535 484; x_wconf 85' lang='lat' dir='ltr'><strong>tu</strong></span> <span class='ocrx_word' id='word_1_40' title='bbox 553 448 659 495; x_wconf 82' lang='lat' dir='ltr'><strong>item,</strong></span> <span class='ocrx_word' id='word_1_41' title='bbox 680 461 797 499; x_wconf 92' lang='lat' dir='ltr'><strong>quom</strong></span> <span class='ocrx_word' id='word_1_42' title='bbox 817 460 887 498; x_wconf 89' lang='lat' dir='ltr'><strong>ego</strong></span> <span class='ocrx_word' id='word_1_43' title='bbox 906 454 943 485; x_wconf 89' lang='lat' dir='ltr'><strong>te</strong></span> <span class='ocrx_word' id='word_1_44' title='bbox 961 446 1148 485; x_wconf 80' lang='lat' dir='ltr'><strong>refer-iam.</strong></span> 
     </span>
     <span class='ocr_line' id='line_1_8' title="bbox 38 499 619 549; baseline 0.002 -11"><span class='ocrx_word' id='word_1_45' title='bbox 38 501 158 538; x_wconf 81' lang='lat' dir='ltr'><strong>Leon.</strong></span> <span class='ocrx_word' id='word_1_46' title='bbox 187 499 301 549; x_wconf 86' lang='lat' dir='ltr'>Dico,</span> <span class='ocrx_word' id='word_1_47' title='bbox 321 507 366 538; x_wconf 92' lang='lat' dir='ltr'><strong>ut</strong></span> <span class='ocrx_word' id='word_1_48' title='bbox 383 513 456 538; x_wconf 89' lang='lat' dir='ltr'><strong>usu</strong></span> <span class='ocrx_word' id='word_1_49' title='bbox 461 502 508 539; x_wconf 91' lang='lat' dir='ltr'><strong>&#39;st</strong></span> <span class='ocrx_word' id='word_1_50' title='bbox 526 500 619 539; x_wconf 91' lang='lat' dir='ltr'><strong>fieri.</strong></span> 
     </span>
     <span class='ocr_line' id='line_1_9' title="bbox 407 554 1144 606; baseline 0.001 -15"><span class='ocrx_word' id='word_1_51' title='bbox 407 554 546 591; x_wconf 66' lang='lat' dir='ltr'><strong>Liban.</strong></span> <span class='ocrx_word' id='word_1_52' title='bbox 566 554 665 593; x_wconf 90' lang='lat' dir='ltr'>Dico</span> <span class='ocrx_word' id='word_1_53' title='bbox 685 554 866 602; x_wconf 87' lang='lat' dir='ltr'><strong>(hercle),</strong></span> <span class='ocrx_word' id='word_1_54' title='bbox 888 566 958 606; x_wconf 87' lang='lat' dir='ltr'><strong>ego</strong></span> <span class='ocrx_word' id='word_1_55' title='bbox 977 566 1144 606; x_wconf 78' lang='lat' dir='ltr'><strong>quoque,</strong></span> 
     </span>
     <span class='ocr_line' id='line_1_10' title="bbox 519 608 868 647; baseline 0 -2"><span class='ocrx_word' id='word_1_56' title='bbox 519 616 563 646; x_wconf 92' lang='lat' dir='ltr'><strong>ut</strong></span> <span class='ocrx_word' id='word_1_57' title='bbox 578 608 750 647; x_wconf 84' lang='lat' dir='ltr'><strong>facturus</strong></span> <span class='ocrx_word' id='word_1_58' title='bbox 768 620 868 646; x_wconf 86' lang='lat' dir='ltr'><strong>sum.</strong></span> 
     </span>
     <span class='ocr_line' id='line_1_11' title="bbox 38 660 376 711; baseline -0.006 -11"><span class='ocrx_word' id='word_1_59' title='bbox 38 662 157 700; x_wconf 81' lang='lat' dir='ltr'><strong>Leon.</strong></span> <span class='ocrx_word' id='word_1_60' title='bbox 185 660 249 699; x_wconf 90' lang='lat' dir='ltr'><strong>Ne</strong></span> <span class='ocrx_word' id='word_1_61' title='bbox 267 673 376 711; x_wconf 84' lang='lat' dir='ltr'><strong>nega.</strong></span> 
     </span>
     <span class='ocr_line' id='line_1_12' title="bbox 376 713 1148 768; baseline 0.001 -17"><span class='ocrx_word' id='word_1_62' title='bbox 376 715 515 753; x_wconf 73' lang='lat' dir='ltr'><strong>Liban.</strong></span> <span class='ocrx_word' id='word_1_63' title='bbox 545 715 652 760; x_wconf 79' lang='lat' dir='ltr'><strong>Quin</strong></span> <span class='ocrx_word' id='word_1_64' title='bbox 670 715 865 768; x_wconf 83' lang='lat' dir='ltr'>promitto,</span> <span class='ocrx_word' id='word_1_65' title='bbox 885 715 1059 766; x_wconf 81' lang='lat' dir='ltr'><strong>inquam,</strong></span> <span class='ocrx_word' id='word_1_66' title='bbox 1079 713 1148 752; x_wconf 86' lang='lat' dir='ltr'><strong>ho-</strong></span> 
     </span>
     <span class='ocr_line' id='line_1_13' title="bbox 437 769 1148 817; baseline 0 -11"><span class='ocrx_word' id='word_1_67' title='bbox 437 769 525 807; x_wconf 87' lang='lat' dir='ltr'><strong>stire</strong></span> <span class='ocrx_word' id='word_1_68' title='bbox 543 777 686 817; x_wconf 77' lang='lat' dir='ltr'><strong>contra,</strong></span> <span class='ocrx_word' id='word_1_69' title='bbox 707 778 750 808; x_wconf 93' lang='lat' dir='ltr'><strong>ut</strong></span> <span class='ocrx_word' id='word_1_70' title='bbox 767 769 959 807; x_wconf 85' lang='lat' dir='ltr'><strong>merueris.</strong></span> <span class='ocrx_word' id='word_1_71' title='bbox 1073 769 1148 806; x_wconf 87' lang='grc'><strong>110</strong></span> 
     </span>
     <span class='ocr_line' id='line_1_14' title="bbox 39 821 1149 875; baseline -0.001 -15"><span class='ocrx_word' id='word_1_72' title='bbox 39 823 158 861; x_wconf 83' lang='lat' dir='ltr'><strong>Leon.</strong></span> <span class='ocrx_word' id='word_1_73' title='bbox 186 821 274 872; x_wconf 89' lang='lat' dir='ltr'><strong>Ego</strong></span> <span class='ocrx_word' id='word_1_74' title='bbox 301 822 419 860; x_wconf 81' lang='lat' dir='ltr'><strong>abeo:</strong></span> <span class='ocrx_word' id='word_1_75' title='bbox 449 829 507 869; x_wconf 82' lang='lat' dir='ltr'><strong>tu,</strong></span> <span class='ocrx_word' id='word_1_76' title='bbox 533 824 611 873; x_wconf 90' lang='lat' dir='ltr'><strong>jam</strong></span> <span class='ocrx_word' id='word_1_77' title='bbox 642 824 729 871; x_wconf 61' lang='lat' dir='ltr'><strong>scio,</strong></span> <span class='ocrx_word' id='word_1_78' title='bbox 759 822 914 875; x_wconf 78' lang='lat' dir='ltr'><strong>patiere.</strong></span> <span class='ocrx_word' id='word_1_79' title='bbox 961 822 1036 861; x_wconf 86' lang='lat' dir='ltr'><strong>Sed</strong></span> <span class='ocrx_word' id='word_1_80' title='bbox 1063 821 1149 873; x_wconf 93' lang='lat' dir='ltr'><strong>quis</strong></span> 
     </span>
     <span class='ocr_line' id='line_1_15' title="bbox 195 875 522 921; baseline 0.003 -8"><span class='ocrx_word' id='word_1_81' title='bbox 195 875 257 914; x_wconf 91' lang='lat' dir='ltr'><strong>hic</strong></span> <span class='ocrx_word' id='word_1_82' title='bbox 275 883 330 914; x_wconf 84' lang='lat' dir='ltr'><strong>est</strong></span> <span class='ocrx_word' id='word_1_83' title='bbox 346 877 363 914; x_wconf 88' lang='lat'>?</span> <span class='ocrx_word' id='word_1_84' title='bbox 392 875 424 914; x_wconf 91' lang='lat' dir='ltr'><strong>is</strong></span> <span class='ocrx_word' id='word_1_85' title='bbox 442 884 522 921; x_wconf 63' lang='lat' dir='ltr'><strong>est3</strong></span> 
     </span>
     <span class='ocr_line' id='line_1_16' title="bbox 36 928 1146 981; baseline 0 -14"><span class='ocrx_word' id='word_1_86' title='bbox 36 928 111 967; x_wconf 90' lang='lat' dir='ltr'><strong>Ille</strong></span> <span class='ocrx_word' id='word_1_87' title='bbox 129 936 185 967; x_wconf 87' lang='lat' dir='ltr'><strong>est</strong></span> <span class='ocrx_word' id='word_1_88' title='bbox 201 929 318 980; x_wconf 85' lang='lat' dir='ltr'><strong>ipsus.</strong></span> <span class='ocrx_word' id='word_1_89' title='bbox 356 928 447 968; x_wconf 89' lang='lat' dir='ltr'><strong>Jam</strong></span> <span class='ocrx_word' id='word_1_90' title='bbox 467 942 537 981; x_wconf 90' lang='lat' dir='ltr'><strong>ego</strong></span> <span class='ocrx_word' id='word_1_91' title='bbox 562 943 710 969; x_wconf 88' lang='lat' dir='ltr'>recurro</span> <span class='ocrx_word' id='word_1_92' title='bbox 733 931 820 968; x_wconf 82' lang='lat' dir='ltr'><strong>huc.</strong></span> <span class='ocrx_word' id='word_1_93' title='bbox 869 930 934 967; x_wconf 90' lang='lat' dir='ltr'><strong>Tu</strong></span> <span class='ocrx_word' id='word_1_94' title='bbox 957 929 1061 968; x_wconf 90' lang='lat' dir='ltr'><strong>hunc</strong></span> <span class='ocrx_word' id='word_1_95' title='bbox 1086 929 1146 966; x_wconf 91' lang='lat' dir='ltr'><strong>in-</strong></span> 
     </span>
     <span class='ocr_line' id='line_1_17' title="bbox 194 982 492 1021; baseline 0.003 -1"><span class='ocrx_word' id='word_1_96' title='bbox 194 989 295 1020; x_wconf 66' lang='lat' dir='ltr'><strong>terae.</strong></span> <span class='ocrx_word' id='word_1_97' title='bbox 311 982 376 1021; x_wconf 81' lang='lat' dir='ltr'><strong>hic</strong></span> <span class='ocrx_word' id='word_1_98' title='bbox 394 990 492 1021; x_wconf 90' lang='lat' dir='ltr'><strong>tene.</strong></span> 
     </span>
     <span class='ocr_line' id='line_1_18' title="bbox 34 1034 414 1075; baseline 0.003 -1"><span class='ocrx_word' id='word_1_99' title='bbox 34 1034 137 1074; x_wconf 88' lang='lat' dir='ltr'>Volo</span> <span class='ocrx_word' id='word_1_100' title='bbox 155 1036 234 1074; x_wconf 88' lang='lat' dir='ltr'><strong>seni</strong></span> <span class='ocrx_word' id='word_1_101' title='bbox 251 1049 414 1075; x_wconf 78' lang='lat' dir='ltr'><strong>narrare.</strong></span> 
     </span>
     <span class='ocr_line' id='line_1_19' title="bbox 116 1088 1148 1142; baseline 0.002 -16"><span class='ocrx_word' id='word_1_102' title='bbox 116 1089 254 1127; x_wconf 79' lang='lat' dir='ltr'><strong>Liba-n.</strong></span> <span class='ocrx_word' id='word_1_103' title='bbox 284 1088 392 1137; x_wconf 90' lang='lat' dir='ltr'><strong>Quin</strong></span> <span class='ocrx_word' id='word_1_104' title='bbox 411 1097 524 1128; x_wconf 91' lang='lat' dir='ltr'><strong>tuum</strong></span> <span class='ocrx_word' id='word_1_105' title='bbox 535 1090 703 1129; x_wconf 87' lang='lat' dir='ltr'><strong>officium</strong></span> <span class='ocrx_word' id='word_1_106' title='bbox 721 1090 814 1129; x_wconf 87' lang='lat' dir='ltr'><strong>facis</strong></span> <span class='ocrx_word' id='word_1_107' title='bbox 834 1103 937 1142; x_wconf 84' lang='lat' dir='ltr'><strong>ergo,</strong></span> <span class='ocrx_word' id='word_1_108' title='bbox 955 1103 999 1128; x_wconf 86' lang='lat' dir='ltr'><strong>ac</strong></span> <span class='ocrx_word' id='word_1_109' title='bbox 1017 1090 1119 1141; x_wconf 81' lang='lat' dir='ltr'><strong>fugis</strong></span> <span class='ocrx_word' id='word_1_110' title='bbox 1130 1092 1148 1128; x_wconf 78' lang='lat'><strong>„⁹</strong></span> 
     </span>
    </p>
   </div>
   <div class='ocr_carea' id='block_1_3' title="bbox 275 1273 905 1314">
    <p class='ocr_par' dir='ltr' id='par_1_3' title="bbox 275 1273 905 1314">
     <span class='ocr_line' id='line_1_20' title="bbox 275 1273 905 1314; baseline -0.002 -1"><span class='ocrx_word' id='word_1_111' title='bbox 275 1274 460 1314; x_wconf 89' lang='lat' dir='ltr'><strong>ACTUS</strong></span> <span class='ocrx_word' id='word_1_112' title='bbox 489 1273 549 1312; x_wconf 90' lang='grc' dir='ltr'><strong>ΙΙ.</strong></span> <span class='ocrx_word' id='word_1_113' title='bbox 606 1273 791 1313; x_wconf 84' lang='lat' dir='ltr'>SCENA</span> <span class='ocrx_word' id='word_1_114' title='bbox 822 1274 905 1312; x_wconf 90' lang='grc' dir='ltr'><strong>ΙΙΙ.</strong></span> 
     </span>
    </p>
   </div>
   <div class='ocr_carea' id='block_1_4' title="bbox 313 1403 880 1443">
    <p class='ocr_par' dir='ltr' id='par_1_4' title="bbox 313 1403 880 1443">
     <span class='ocr_line' id='line_1_21' title="bbox 313 1403 880 1443; baseline 0 -1"><span class='ocrx_word' id='word_1_115' title='bbox 313 1404 600 1443; x_wconf 79' lang='lat' dir='ltr'><strong>MERCATOR.</strong></span> <span class='ocrx_word' id='word_1_116' title='bbox 656 1403 880 1442; x_wconf 68' lang='lat' dir='ltr'><strong>LmAch.</strong></span> 
     </span>
    </p>
   </div>
   <div class='ocr_carea' id='block_1_5' title="bbox 34 1509 1151 2246">
    <p class='ocr_par' dir='ltr' id='par_1_5' title="bbox 34 1509 1151 2246">
     <span class='ocr_line' id='line_1_22' title="bbox 34 1509 1149 1558; baseline 0.001 -9"><span class='ocrx_word' id='word_1_117' title='bbox 34 1510 165 1549; x_wconf 70' lang='lat' dir='ltr'><strong>Merc-</strong></span> <span class='ocrx_word' id='word_1_118' title='bbox 191 1511 249 1550; x_wconf 92' lang='lat' dir='ltr'><strong>Ut</strong></span> <span class='ocrx_word' id='word_1_119' title='bbox 266 1511 530 1550; x_wconf 84' lang='lat' dir='ltr'><strong>demonstratae</strong></span> <span class='ocrx_word' id='word_1_120' title='bbox 553 1517 644 1549; x_wconf 89' lang='lat' dir='ltr'><strong>sunt</strong></span> <span class='ocrx_word' id='word_1_121' title='bbox 663 1510 774 1558; x_wconf 89' lang='lat' dir='ltr'><strong>mihi,</strong></span> <span class='ocrx_word' id='word_1_122' title='bbox 798 1509 911 1550; x_wconf 86' lang='lat' dir='ltr'><strong>hasce</strong></span> <span class='ocrx_word' id='word_1_123' title='bbox 936 1511 1047 1550; x_wconf 85' lang='lat' dir='ltr'><strong>aedeis</strong></span> <span class='ocrx_word' id='word_1_124' title='bbox 1072 1523 1149 1550; x_wconf 58' lang='lat' dir='ltr'><strong>esse</strong></span> 
     </span>
     <span class='ocr_line' id='line_1_23' title="bbox 197 1572 357 1612; baseline 0.006 -9"><span class='ocrx_word' id='word_1_125' title='bbox 197 1577 219 1603; x_wconf 91' lang='lat' dir='ltr'>o</span> <span class='ocrx_word' id='word_1_126' title='bbox 270 1572 357 1612; x_wconf 74' lang='lat' dir='ltr'><strong>rtet,</strong></span> 
     </span>
     <span class='ocr_line' id='line_1_24' title="bbox 36 1577 1110 1670; baseline 0 -13"><span class='ocrx_word' id='word_1_127' title='bbox 36 1577 284 1657; x_wconf 52' lang='lat' dir='ltr'><strong>Demaenefuos</strong></span> <span class='ocrx_word' id='word_1_128' title='bbox 301 1618 370 1657; x_wconf 93' lang='lat' dir='ltr'><strong>ubi</strong></span> <span class='ocrx_word' id='word_1_129' title='bbox 388 1617 526 1655; x_wconf 82' lang='lat' dir='ltr'><strong>dicitur</strong></span> <span class='ocrx_word' id='word_1_130' title='bbox 542 1617 724 1656; x_wconf 87' lang='lat' dir='ltr'><strong>habitare.</strong></span> <span class='ocrx_word' id='word_1_131' title='bbox 767 1618 803 1666; x_wconf 85' lang='lat'><strong>1,</strong></span> <span class='ocrx_word' id='word_1_132' title='bbox 824 1632 954 1670; x_wconf 86' lang='lat' dir='ltr'><strong>puere,</strong></span> <span class='ocrx_word' id='word_1_133' title='bbox 975 1618 1110 1670; x_wconf 74' lang='lat' dir='ltr'><strong>pulta3</strong></span> 
     </span>
     <span class='ocr_line' id='line_1_25' title="bbox 35 1671 1147 1724; baseline -0.001 -14"><span class='ocrx_word' id='word_1_134' title='bbox 35 1674 170 1724; x_wconf 87' lang='lat' dir='ltr'><strong>Atque</strong></span> <span class='ocrx_word' id='word_1_135' title='bbox 189 1672 390 1711; x_wconf 81' lang='lat' dir='ltr'><strong>atriensem</strong></span> <span class='ocrx_word' id='word_1_136' title='bbox 410 1672 607 1718; x_wconf 51' lang='lat' dir='ltr'><strong>Sauream,</strong></span> <span class='ocrx_word' id='word_1_137' title='bbox 625 1672 656 1709; x_wconf 89' lang='lat' dir='ltr'><strong>si</strong></span> <span class='ocrx_word' id='word_1_138' title='bbox 675 1680 731 1709; x_wconf 88' lang='lat' dir='ltr'><strong>est</strong></span> <span class='ocrx_word' id='word_1_139' title='bbox 748 1671 866 1720; x_wconf 85' lang='lat' dir='ltr'><strong>intus,</strong></span> <span class='ocrx_word' id='word_1_140' title='bbox 888 1682 1040 1711; x_wconf 84' lang='lat' dir='ltr'><strong>evocato</strong></span> <span class='ocrx_word' id='word_1_141' title='bbox 1059 1672 1147 1710; x_wconf 90' lang='lat' dir='ltr'><strong>huc.</strong></span> 
     </span>
     <span class='ocr_line' id='line_1_26' title="bbox 36 1724 1148 1777; baseline 0 -14"><span class='ocrx_word' id='word_1_142' title='bbox 36 1727 177 1764; x_wconf 80' lang='lat' dir='ltr'><strong>Liban.</strong></span> <span class='ocrx_word' id='word_1_143' title='bbox 199 1726 299 1774; x_wconf 89' lang='lat' dir='ltr'><strong>Quis</strong></span> <span class='ocrx_word' id='word_1_144' title='bbox 312 1732 458 1763; x_wconf 87' lang='lat' dir='ltr'><strong>nostras</strong></span> <span class='ocrx_word' id='word_1_145' title='bbox 470 1724 521 1763; x_wconf 90' lang='lat' dir='ltr'><strong>sic</strong></span> <span class='ocrx_word' id='word_1_146' title='bbox 536 1725 677 1776; x_wconf 88' lang='lat' dir='ltr'><strong>frangit</strong></span> <span class='ocrx_word' id='word_1_147' title='bbox 690 1724 832 1764; x_wconf 80' lang='lat' dir='ltr'><strong>foreis?</strong></span> <span class='ocrx_word' id='word_1_148' title='bbox 852 1726 924 1765; x_wconf 92' lang='lat' dir='ltr'><strong>ohe</strong></span> <span class='ocrx_word' id='word_1_149' title='bbox 941 1726 951 1763; x_wconf 69' lang='grc' dir='ltr'>ἔ</span> <span class='ocrx_word' id='word_1_150' title='bbox 972 1726 1148 1777; x_wconf 85' lang='lat' dir='ltr'><strong>inquam,</strong></span> 
     </span>
     <span class='ocr_line' id='line_1_27' title="bbox 200 1778 467 1830; baseline 0.007 -15"><span class='ocrx_word' id='word_1_151' title='bbox 200 1779 327 1830; x_wconf 86' lang='lat' dir='ltr'><strong>siquid</strong></span> <span class='ocrx_word' id='word_1_152' title='bbox 344 1778 467 1817; x_wconf 86' lang='lat' dir='ltr'><strong>audis.</strong></span> 
     </span>
     <span class='ocr_line' id='line_1_28' title="bbox 37 1832 914 1883; baseline -0.001 -11"><span class='ocrx_word' id='word_1_153' title='bbox 37 1836 171 1873; x_wconf 77' lang='lat' dir='ltr'><strong>Mero.</strong></span> <span class='ocrx_word' id='word_1_154' title='bbox 197 1833 326 1871; x_wconf 89' lang='lat' dir='ltr'><strong>Nemo</strong></span> <span class='ocrx_word' id='word_1_155' title='bbox 344 1832 457 1870; x_wconf 86' lang='lat' dir='ltr'><strong>etiam</strong></span> <span class='ocrx_word' id='word_1_156' title='bbox 476 1832 610 1883; x_wconf 81' lang='lat' dir='ltr'><strong>tetigit.</strong></span> <span class='ocrx_word' id='word_1_157' title='bbox 653 1832 826 1871; x_wconf 87' lang='lat' dir='ltr'><strong>Sanusne</strong></span> <span class='ocrx_word' id='word_1_158' title='bbox 844 1846 883 1871; x_wconf 91' lang='lat' dir='ltr'><strong>es</strong></span> <span class='ocrx_word' id='word_1_159' title='bbox 898 1835 914 1871; x_wconf 89' lang='lat'>?</span> 
     </span>
     <span class='ocr_line' id='line_1_29' title="bbox 449 1886 1148 1937; baseline 0.004 -15"><span class='ocrx_word' id='word_1_160' title='bbox 449 1886 588 1923; x_wconf 76' lang='lat' dir='ltr'><strong>Liban.</strong></span> <span class='ocrx_word' id='word_1_161' title='bbox 617 1886 675 1924; x_wconf 80' lang='lat' dir='ltr'><strong>At</strong></span> <span class='ocrx_word' id='word_1_162' title='bbox 694 1888 893 1924; x_wconf 89' lang='lat' dir='ltr'><strong>censebam</strong></span> <span class='ocrx_word' id='word_1_163' title='bbox 912 1887 1093 1937; x_wconf 84' lang='lat' dir='ltr'><strong>attigisse,</strong></span> <span class='ocrx_word' id='word_1_164' title='bbox 1123 1889 1148 1924; x_wconf 85' lang='lat'>5</span> 
     </span>
     <span class='ocr_line' id='line_1_30' title="bbox 37 1938 1149 1993; baseline -0.003 -12"><span class='ocrx_word' id='word_1_165' title='bbox 37 1942 254 1993; x_wconf 66' lang='lat' dir='ltr'><strong>Propterea,</strong></span> <span class='ocrx_word' id='word_1_166' title='bbox 274 1940 350 1978; x_wconf 90' lang='lat' dir='ltr'><strong>huc</strong></span> <span class='ocrx_word' id='word_1_167' title='bbox 373 1938 464 1990; x_wconf 88' lang='lat' dir='ltr'><strong>quia</strong></span> <span class='ocrx_word' id='word_1_168' title='bbox 486 1938 652 1977; x_wconf 88' lang='lat' dir='ltr'><strong>habebas</strong></span> <span class='ocrx_word' id='word_1_169' title='bbox 675 1939 758 1978; x_wconf 84' lang='lat' dir='ltr'><strong>iter.</strong></span> <span class='ocrx_word' id='word_1_170' title='bbox 797 1940 902 1979; x_wconf 90' lang='lat' dir='ltr'>Nolo</span> <span class='ocrx_word' id='word_1_171' title='bbox 924 1952 995 1991; x_wconf 87' lang='lat' dir='ltr'><strong>ego</strong></span> <span class='ocrx_word' id='word_1_172' title='bbox 1021 1940 1149 1987; x_wconf 84' lang='lat' dir='ltr'><strong>foreis,</strong></span> 
     </span>
     <span class='ocr_line' id='line_1_31' title="bbox 195 2005 390 2032; baseline -0.005 0"><span class='ocrx_word' id='word_1_173' title='bbox 195 2005 390 2032; x_wconf 88' lang='lat' dir='ltr'><strong>conservas</strong></span> 
     </span>
     <span class='ocr_line' id='line_1_32' title="bbox 36 2046 1145 2098; baseline -0.003 -11"><span class='ocrx_word' id='word_1_174' title='bbox 36 2049 163 2096; x_wconf 62' lang='lat' dir='ltr'><strong>Meas,</strong></span> <span class='ocrx_word' id='word_1_175' title='bbox 184 2061 207 2086; x_wconf 88' lang='lat' dir='ltr'><strong>a</strong></span> <span class='ocrx_word' id='word_1_176' title='bbox 224 2055 261 2085; x_wconf 90' lang='lat' dir='ltr'><strong>te</strong></span> <span class='ocrx_word' id='word_1_177' title='bbox 278 2046 516 2085; x_wconf 83' lang='lat' dir='ltr'><strong>verberarier.</strong></span> <span class='ocrx_word' id='word_1_178' title='bbox 545 2047 643 2085; x_wconf 89' lang='lat' dir='ltr'><strong>Sane</strong></span> <span class='ocrx_word' id='word_1_179' title='bbox 655 2058 725 2098; x_wconf 85' lang='lat' dir='ltr'><strong>ego</strong></span> <span class='ocrx_word' id='word_1_180' title='bbox 739 2060 822 2085; x_wconf 88' lang='lat' dir='ltr'><strong>sum</strong></span> <span class='ocrx_word' id='word_1_181' title='bbox 837 2047 982 2086; x_wconf 86' lang='lat' dir='ltr'><strong>amicus</strong></span> <span class='ocrx_word' id='word_1_182' title='bbox 995 2046 1145 2085; x_wconf 81' lang='lat' dir='ltr'><strong>nostris.</strong></span> 
     </span>
     <span class='ocr_line' id='line_1_33' title="bbox 37 2099 1151 2150; baseline -0.005 -9"><span class='ocrx_word' id='word_1_183' title='bbox 37 2105 167 2141; x_wconf 85' lang='lat' dir='ltr'><strong>Merc.</strong></span> <span class='ocrx_word' id='word_1_184' title='bbox 198 2101 284 2148; x_wconf 89' lang='lat' dir='ltr'>Pol,</span> <span class='ocrx_word' id='word_1_185' title='bbox 312 2099 416 2138; x_wconf 84' lang='lat' dir='ltr'><strong>haud</strong></span> <span class='ocrx_word' id='word_1_186' title='bbox 443 2100 626 2150; x_wconf 87' lang='lat' dir='ltr'><strong>periclum</strong></span> <span class='ocrx_word' id='word_1_187' title='bbox 654 2100 717 2148; x_wconf 83' lang='lat' dir='ltr'><strong>&#39;st‚</strong></span> <span class='ocrx_word' id='word_1_188' title='bbox 741 2101 910 2139; x_wconf 88' lang='lat' dir='ltr'><strong>cardines</strong></span> <span class='ocrx_word' id='word_1_189' title='bbox 934 2113 982 2140; x_wconf 88' lang='lat' dir='ltr'><strong>ne</strong></span> <span class='ocrx_word' id='word_1_190' title='bbox 1007 2100 1151 2139; x_wconf 85' lang='lat' dir='ltr'><strong>foribus</strong></span> 
     </span>
     <span class='ocr_line' id='line_1_34' title="bbox 194 2154 458 2205; baseline -0.004 -13"><span class='ocrx_word' id='word_1_191' title='bbox 194 2154 458 2205; x_wconf 82' lang='lat' dir='ltr'><strong>effringantur,</strong></span> 
     </span>
     <span class='ocr_line' id='line_1_35' title="bbox 88 2218 928 2246; baseline -0.002 -1"><span class='ocrx_word' id='word_1_192' title='bbox 88 2218 193 2245; x_wconf 77' lang='lat' dir='ltr'>vot..</span> <span class='ocrx_word' id='word_1_193' title='bbox 216 2218 244 2246; x_wconf 89' lang='lat'><strong>1.</strong></span> <span class='ocrx_word' id='word_1_194' title='bbox 915 2218 928 2243; x_wconf 92' lang='lat'>1</span> 
     </span>
    </p>
   </div>
  </div>
 </body>
</html>
