1412 2427
452 53 680 92 CASINA.
709 53 768 90 II.
798 53 834 89 6.
1119 54 1199 91 ‘289

85 161 183 200 Cha.
212 160 320 209 Quid
339 168 379 198 tu
398 160 437 198 id
456 160 592 199 curas?

443 215 573 263 Olym.
600 214 705 262 Quia
724 213 826 252 enim
845 222 990 259 metuo,
1009 225 1057 251 ne
1075 213 1114 250 in
1142 215 1193 252 33

619 266 719 318 aqud
737 266 889 305 summ&
907 274 1022 304 natet.

84 323 183 359 Stal.
231 321 344 372 Euge
359 323 370 359 Ξ
419 334 523 359 cave.
566 320 752 370 Conjicite
794 319 924 357 sorteis
960 331 1062 358 nunc
1096 322 1193 371 jam,

242 377 393 423 amabo,
412 375 499 413 huc.
543 375 695 413 Eccere.
848 370 850 373 ’

86 427 209 477 Uxor,
230 442 351 480 aequa.

303 483 432 532 Olym.
463 482 599 520 Nolim
617 480 727 518 uxori
747 480 905 518 credere.

509 536 607 574 Stal.
637 535 751 572 Habe
768 534 941 571 animum
960 535 1119 572 bonum.
1141 535 1193 572 35

87 589 216 639 Olym.
246 589 383 636 Credo,
403 589 571 636 (hercle)
584 588 695 627 hodje
713 587 904 626 devotabit
921 587 1065 637 sorteiS,
1085 588 1118 626 si
1137 596 1193 627 at-

244 643 383 693 tlgerit.

406 698 502 735 Clea.
528 696 644 734 Tace.

85 751 216 800 Olym.
244 749 395 794 Tace03
422 750 525 788 Deos
544 763 684 801 quaeso.

438 805 535 843 Cha.
565 804 619 841 Ut
638 801 794 854 quidem
813 810 856 841 tu
873 802 987 841 hodie
1005 815 1138 842 canem
1158 812 1194 842 et

239 857 388 895 furcam
406 857 513 896 feras.

84 912 215 960 Olym.
245 911 349 948 Mihi
367 918 411 948 ut
430 911 573 949 sortitio
592 911 749 949 eveniat.

270 966 367 1003 Cha.
392 965 448 1002 Ut
467 964 619 1015 quidem
644 963 815 1013 (hercle)
836 962 996 1014 pedibus
1017 964 1194 1015 pendeas.

86 1019 217 1068 Olym.
244 1021 303 1055 At
322 1027 364 1055 tu
382 1025 427 1055 ut
445 1017 575 1056 oculos
593 1030 798 1069 emungare
817 1030 865 1055 ex
893 1017 1014 1067 capite
1039 1030 1107 1068 pet
1125 1030 1192 1055 na-

245 1083 332 1108 sum
350 1079 449 1109 tuos.

81 1125 190 1173 Quid
219 1124 358 1185 times?
399 1132 575 1176 paratum
607 1132 754 1175 oportet
790 1137 869 1163 esse
901 1125 984 1174 jam
1013 1124 1194 1175 laqueum

83 1179 322 1271 Pel-fimum
1137 1179 1191 1214 40

240 1287 337 1324 Stat.
366 1286 558 1325 Animum
576 1286 774 1332 advortite,
794 1286 943 1323 amabo.

460 1341 587 1389 Olym.
624 1339 762 1376 Taceo.

625 1394 724 1431 Stal.
753 1392 870 1430 Nunc
888 1399 946 1439 tu,
967 1392 1189 1435 Cleostrata,

82 1449 146 1488 Ne
164 1461 187 1486 a
210 1460 274 1486 me
298 1460 484 1486 memores
505 1446 690 1485 malitiose
711 1445 758 1483 de
779 1445 851 1483 hac
877 1458 917 1484 re
942 1445 1102 1494 factum,
1126 1453 1193 1483 aut

240 1502 419 1553 suspicae‚

81 1555 175 1594 Tibi
193 1556 394 1606 permitto:
428 1562 508 1593 tute
526 1554 628 1593 sorti.

484 1609 614 1658 Olym.
645 1607 778 1646 Perdis
795 1619 870 1645 me.

766 1662 863 1700 Cha.
894 1660 1067 1700 Lucrum
1085 1661 1187 1700 facit.

86 1718 189 1756 Cleo.
215 1716 324 1755 Bene
341 1717 446 1755 facis.

347 1771 446 1810 Cha.
472 1770 576 1809 Deos
595 1781 738 1821 quaec,
758 1776 801 1807 ut
820 1776 887 1806 tua
903 1781 982 1807 sors
1001 1781 1048 1807 ex
1067 1767 1192 1807 sitella

436 1823 621 1874 effugerit.

82 1879 211 1928 Olym.
254 1877 365 1915 Ai'n'
394 1877 468 1914 tu?
500 1877 591 1928 quia
617 1883 660 1914 tu
688 1889 727 1915 es
751 1875 950 1928 fugitivus,
978 1875 1124 1914 omneis
1153 1882 1191 1914 te

236 1930 378 1968 imitari
395 1930 514 1981 cupis.
1136 1930 1188 1966 45

78 1985 240 2024 Utinam
258 1991 326 2022 tua
343 1983 497 2035 quidem
519 1983 634 2035 (sicut
651 1983 849 2022 Herculeis
866 1982 1072 2035 praedicant

79 2038 288 2085 Quondam
306 2037 522 2088 prognatis)
534 2037 606 2075 ista
622 2036 663 2074 in
681 2037 870 2076 sortiendo
887 2049 965 2074 sors
983 2035 1193 2074 delicuerit.

83 2093 179 2131 Cha.
208 2091 274 2129 Tu
302 2098 346 2128 ut
369 2091 570 2142 liquescaS,
592 2089 675 2142 ipse
695 2097 867 2130 actutum
889 2089 1004 2140 virgis
1032 2088 1191 2127 calefac-

238 2145 377 2183 tabere.

135 2208 238 2237 vol„
260 2209 290 2235 ῐ.
956 2197 980 2232 2
1004 2205 1028 2232 c
