1412 2427
194 34 268 72 146
481 33 838 73 AULULARIA.
866 33 942 73 1v.
975 35 1015 71 6.

437 189 623 228 ACTUS
653 190 728 229 1v.
783 187 968 228 SCENA
1001 187 1053 225 V.

602 296 877 335 STnomLus.

188 401 419 439 Emortuum
439 413 508 452 ego
525 415 587 440 me
605 401 782 439 mavelim
801 401 876 437 leto
894 400 1010 447 malo,

188 454 320 500 Quam
338 466 413 491 non
433 467 503 504 ego
521 455 579 493 illi
597 455 684 492 dem
703 453 814 491 hodie
833 452 987 490 insidias
1005 452 1098 490 seni.

190 507 294 544 Nam
313 507 375 545 hic
390 508 473 556 jam
491 520 566 545 non
587 507 741 546 audebit
758 518 895 543 aurum
915 505 1144 542 abstrudere.

189 558 325 607 Credo,
346 561 480 599 referet
494 561 576 609 jam
596 573 738 606 secum,
758 566 795 596 et
814 557 977 595 mutabit
995 559 1134 595 locum.

186 612 279 650 Atat
294 613 304 650 !
350 613 438 650 foris
467 614 623 663 crepuit.
680 613 818 658 Senex,
849 623 995 657 eccum,
1023 623 1159 648 aurum
1189 610 1292 648 effert

345 666 455 703 foras.
1263 665 1288 701 5

186 717 386 769 Tantisper
403 719 466 757 hic
485 730 554 768 ego
573 718 621 755 ad
636 718 796 766 januam
816 729 1038 755 concessero.

431 877 617 917 ACTUS
639 877 714 916 IV.
769 877 954 916 SCENA
976 877 1052 915 VI.

497 980 687 1018 Eueno.
715 980 987 1019 STnoans.

185 1088 286 1124 Eue.
306 1086 414 1124 Fidei
431 1088 628 1124 censebam
647 1099 871 1124 maxumam
889 1086 1013 1124 multo
1031 1085 1145 1124 fidem

184 1139 290 1177 Esse.
347 1140 408 1176 Ea
426 1140 588 1177 sublevit
606 1152 647 1177 os
667 1139 760 1176 mihi
778 1140 1019 1190 paenissume.

185 1192 240 1229 Ni
260 1192 493 1230 subvenisset
511 1205 657 1239 corvus,
676 1192 870 1243 periissem
889 1193 1013 1230 miser.

184 1244 313 1282 Nimis
345 1245 512 1295 (hercle)
539 1259 609 1296 ego
640 1246 753 1283 illum
785 1258 954 1294 corvum,
984 1245 1034 1283 ad
1064 1258 1127 1283 me
1152 1245 1290 1290 veniat,

343 1298 473 1345 velim,

183 1349 265 1397 Qui
283 1351 465 1389 indicium
482 1352 584 1400 fecit,
604 1360 647 1390 ut
665 1365 734 1402 ego
751 1351 809 1388 illi
826 1351 971 1402 aliquid
989 1352 1078 1390 boni
1264 1353 1290 1388 5

184 1403 347 1442 Dicam:
374 1416 479 1450 nam,
497 1405 600 1456 quod
618 1405 708 1453 edit,
728 1412 808 1442 tam
824 1405 947 1452 duim,
967 1417 1084 1455 quam
1101 1404 1288 1455 pel-duim.

184 1457 315 1502 Nunc,
335 1457 406 1496 hoc
423 1458 490 1496 ubi
507 1459 741 1505 abstrudam,
761 1457 884 1506 cogito
902 1458 1025 1495 solum
1043 1456 1184 1496 locum.

183 1509 327 1547 Silvani
344 1509 452 1548 lucus
470 1519 576 1548 extra
593 1523 749 1548 murum
768 1510 816 1547 ’st
833 1510 949 1555 avius,

185 1561 326 1601 Crebro
344 1562 473 1601 salicto
491 1564 688 1614 oppletus:
718 1562 773 1600 ibi
791 1575 943 1600 sumam
959 1563 1102 1601 locum.

184 1615 341 1653 Certum
363 1617 423 1663 'st,
443 1616 596 1654 Silvano
617 1616 742 1666 potius
762 1617 923 1661 credam,
943 1629 1062 1666 quam
1082 1616 1194 1654 Fide.
1239 1617 1289 1655 10

183 1669 289 1706 Stro.
323 1668 450 1718 Euge,
484 1682 606 1720 euge.
597 1669 606 1694 '
650 1669 719 1706 Dii
750 1682 814 1707 me
846 1670 994 1708 salvum
1027 1676 1065 1707 et
1097 1676 1288 1709 servatum

341 1722 486 1760 volunt.

180 1773 211 1812 J
214 1785 277 1811 am
296 1786 365 1824 ego
382 1774 473 1813 illuc
490 1787 732 1826 praecurram,
751 1783 865 1827 atque
881 1775 1099 1815 inscendam
1117 1775 1287 1827 aliquam

341 1826 382 1864 in
399 1829 594 1874 arborem3

181 1879 355 1931 Indeque
372 1882 589 1930 observabo,
608 1895 746 1920 aurum
763 1882 832 1920 ubi
851 1882 1049 1921 abstrudat
1066 1895 1196 1922 senex.

179 1932 429 1984 Quamquam
446 1935 511 1973 hic
527 1947 679 1973 manere
697 1935 810 1974 herus
827 1948 890 1974 me
907 1949 986 1975 saee
1000 1937 1177 1986 jusserat,

181 1985 362 2025 Certum’
362 1994 408 2033 st,
423 1988 565 2028 malam
578 2001 659 2028 rem
669 1988 796 2041 potius
809 2001 978 2041 quaeram
993 2002 1082 2029 cum
1095 1990 1212 2029 luci-o.
1235 1988 1284 2027 15
