1412 2427
205 55 284 93 310
576 51 800 91 CASINA.
831 50 883 89 V.
913 51 946 88 l.

207 160 369 208 Dedisti,
389 161 506 210 hujus
525 170 643 212 quom
661 159 808 211 copiam
827 157 923 196 mihi
940 155 1070 195 fecisti.
1265 151 1314 190 18

208 214 488 265 Corpusculum
506 212 746 251 melliculum
762 213 771 249 !

660 267 790 315 Olym.
816 264 911 303 Mea
927 259 1136 302 uxorcula!

209 322 309 359 Stat.
340 320 447 370 Quid
465 323 553 359 est?

445 376 575 424 Olym.
605 372 751 411 Institit
767 372 953 424 plantam.

815 427 912 464 Stal.
941 423 1064 472 Quasi
1077 423 1225 472 jocabo·
1263 421 1315 459 20

210 479 363 519 Nebula
379 481 483 519 haud
501 488 557 520 aet
573 479 713 525 mollis,
733 485 847 529 atque
863 479 979 527 hujus
997 484 1065 515 est.

212 536 341 583 Olym.
363 534 525 586 Edepol,
541 533 726 585 papillam
740 531 922 570 bellulam
937 530 946 567 !
968 530 1030 569 hei
1042 530 1179 569 misero
1192 527 1288 566 mihi

210 589 309 626 Stal.
343 587 451 635 Quid
470 588 550 626 est?

422 643 550 690 Oly-m.
579 641 718 679 Pectus
735 638 832 676 mihi
850 637 931 688 agit
948 649 1051 676 nunc
1070 635 1208 675 cubito.

208 695 307 733 Stal.
335 694 444 742 Quid
462 703 505 732 tu
525 707 613 745 ergo
630 694 727 731 hanc
745 692 913 743 (quaeso)
931 697 1066 729 tractas
1084 698 1163 728 tam
1176 689 1195 726 ’ἓ

208 748 266 785 At
283 747 394 796 mihi,
415 748 483 800 qui
501 748 597 786 belle
615 747 714 785 hanc
732 751 861 790 tracto,
881 756 971 782 non.

863 799 994 848 Olym.
1022 795 1160 836 Vaha!
1267 794 1321 832 25

209 854 307 893 Stat.
337 853 446 902 Quid
464 853 592 905 negoti
612 853 694 892 est?

558 909 688 956 Olym.
715 905 897 953 Obsecro,
917 910 961 942 ut
979 901 1170 941 valentula
1189 901 1262 941 'sti

209 960 325 998 Paene
345 960 534 1012 exposivit
551 960 691 998 cubito.

610 1015 707 1052 Stal.
741 1011 927 1051 Cubitum
945 1023 1035 1062 ergo
1051 1010 1106 1048 ire
1123 1009 1213 1048 volt.

212 1067 341 1117 Olym.
375 1066 484 1116 Quin
502 1067 604 1107 imus
622 1079 711 1118 ergo
728 1068 746 1104 ?

672 1121 770 1160 Stal.
797 1119 910 1158 Bella
926 1117 1133 1157 bellatula!

477 1279 661 1319 ACTUS
689 1278 741 1318 V.
796 1276 982 1317 SCENA
1011 1276 1048 1315 Ι.

435 1386 753 1424 PAnnAnrsm.
811 1385 1098 1424 Moeranum.

213 1494 337 1533 Ρανᾱ.
364 1493 544 1545 Acceptae
561 1494 658 1531 bene
675 1500 712 1530 et
730 1492 928 1531 commode
945 1491 1094 1530 eximus
1111 1489 1228 1539 intus,

212 1547 344 1586 Ludos
362 1547 480 1586 visere
497 1547 573 1585 huc
590 1546 629 1584 in
650 1545 708 1584 via
725 1545 940 1597 nuptialeis.

212 1602 330 1638 Mur.
360 1601 575 1652 Nunquam
596 1598 774 1650 (ecastor)
795 1599 874 1637 ullo
893 1598 953 1636 die
970 1597 1036 1635 risi
1051 1596 1223 1648 adaeque,

211 1654 364 1705 Neque,
383 1654 455 1693 hoc
473 1653 576 1705 quod
593 1653 783 1704 reliquum
802 1659 872 1699 est,
892 1652 979 1703 plus
996 1651 1160 1690 risun-am
1179 1650 1326 1702 opinor.

212 1707 355 1756 Lubet,
376 1707 598 1754 Chalinum,
619 1706 712 1757 quid
730 1713 832 1757 agat,
853 1706 960 1751 seire,
979 1717 1124 1743 novum
1298 1705 1323 1741 5

211 1761 394 1811 Nuptum
412 1770 501 1798 cum
520 1772 618 1798 novo
635 1760 795 1797 marito:
826 1771 895 1797 nec
911 1758 1103 1797 fallaciam

210 1814 450 1852 Astutiorem
468 1814 573 1852 ullus
589 1812 678 1851 fecit
694 1814 821 1864 poeta,
840 1821 956 1864 atque

211 1867 269 1905 Ut
286 1867 366 1904 haec
385 1875 440 1905 est
457 1866 562 1905 fabre
579 1866 679 1905 facta
697 1879 720 1904 a
737 1866 858 1905 nobis.
914 1866 1093 1905 Obtunso

213 1920 292 1959 Ore
310 1932 411 1958 nunc
428 1921 610 1971 pervelim
627 1920 844 1971 progredire
861 1932 1018 1964 senem;

212 1973 303 2020 Quo
322 1986 437 2011 senex
454 1974 611 2025 nequior
629 1974 758 2012 nullus
777 1973 881 2011 vivit.
936 1974 1000 2011 Ne
1016 1973 1129 2011 illum
1277 1974 1326 2012 10

213 2027 384 2074 Quidem
402 2027 623 2078 nequiorem
641 2027 802 2065 arbitror
819 2039 913 2074 esse,
934 2026 1002 2078 qui
1018 2027 1146 2066 locum

212 2080 362 2120 Praebet
376 2080 436 2118 illi
454 2083 478 2104 *
506 2083 530 2104 '¹‘
548 2092 652 2118 nunc
665 2080 865 2131 praesidem
887 2085 913 2109 *ἒ
941 2086 965 2109 ²*
981 2080 1076 2129 Hic,
1093 2079 1322 2130 Pardalisca,

208 2132 329 2181 Est03
360 2133 427 2186 qui
445 2133 534 2174 hinc
553 2141 675 2183 exeat,
696 2146 785 2173 eum
803 2143 848 2172 ut
864 2133 1030 2175 ludibrio
1047 2133 1198 2174 haboeS.
