1412 2427
377 68 735 109 AULULARIA.
766 67 841 106 IV.
869 71 906 106 4.
1115 68 1189 105 145

91 181 191 218 Eue.
211 175 318 226 Quid
335 175 524 214 abstulisti
539 174 655 212 hinc?

507 229 614 266 Stro.
639 226 707 265 Dii
724 239 787 264 me
804 226 979 278 perdant,
999 227 1030 264 si
1049 239 1118 278 ego
1137 228 1194 265 tui

649 279 862 331 quidquam
879 280 1020 317 abstuli
1035 280 1043 317 !
1150 281 1198 318 18

91 337 190 375 Eue.
211 335 315 374 Nive
332 334 426 374 adeo
443 333 642 373 abstulisse
659 333 808 372 vellem,
836 332 1034 385 Agedum,
1050 342 1200 372 excute-

256 388 350 427 dum
367 388 543 440 pallium.

95 444 204 482 Stro.
224 442 314 480 Tuo
331 441 526 480 arbitratu.

259 497 359 534 Eue.
380 495 442 533 Ne
458 494 555 533 inter
574 493 723 532 tunicas
739 493 890 531 habeas.

626 549 732 586 Stro.
753 547 891 595 Tenta,
912 547 990 599 qu¹¹a
1007 546 1125 586 lubet.
1153 550 1205 586 20

102 605 203 642 Eue.
233 601 350 640 Vah!
389 602 581 648 scelestus,
608 613 726 652 quam
749 600 937 653 benigne!
974 608 1018 639 ut
1044 611 1093 639 ne
1120 603 1206 641 abs-

264 655 394 693 tulisse
410 654 635 705 intelligam.

103 708 209 748 Novi
219 707 495 760 sycophantias.
519 708 603 758 Age
615 718 782 757 rursum,
797 707 951 747 ostende
960 707 1036 747 huc
1053 719 1213 747 manum

105 763 328 802 Dexter-am.

214 817 320 854 Stro.
340 815 446 852 Hem
462 814 472 852 ἰ

321 869 422 906 Eue.
442 868 483 906 N
485 880 560 906 unc
576 868 713 906 laevam
731 869 898 909 ostende.

465 922 570 959 Stro.
589 920 698 968 Quin
716 921 892 972 equidem
911 924 1042 962 ambas
1059 922 1218 975 profero.

112 978 213 1015 Euc.
230 976 260 1015 J
262 988 325 1014 am
343 974 501 1014 scrutari
518 974 641 1011 mitto.
696 974 831 1013 Redde
847 976 934 1014 huc.

574 1029 678 1065 stro.
697 1027 805 1074 Quid
822 1028 979 1067 reddam
990 1029 1009 1066 Ρ

723 1082 824 1118 Euc.
846 1082 942 1120 Ah!
972 1094 1096 1134 nugas
1114 1084 1219 1135 agis:

116 1136 229 1176 Certe
245 1136 375 1174 habes.
903 1136 907 1137 ⁷

253 1190 356 1228 Stro.
378 1188 515 1227 Habeo
534 1200 604 1238 ego
617 1190 635 1226 Ρ
664 1186 757 1239 quid
774 1187 895 1226 habeo
908 1190 927 1226 Ρ

466 1243 566 1279 Eue.
590 1242 682 1279 Non
700 1240 810 1279 dico:
841 1241 970 1280 audire
988 1243 1145 1295 expetis.
1173 1246 1225 1283 25

119 1295 170 1335 Id
187 1307 334 1342 meum,
354 1294 543 1346 quidquid
559 1294 691 1341 habes,
710 1293 836 1332 redde.

589 1349 694 1386 Stro.
714 1347 889 1385 Insanis:
918 1357 1172 1399 perscrutatus
1190 1365 1230 1391 ω

123 1403 214 1442 Tuo
240 1401 450 1447 arbitratu3
489 1413 614 1453 neque
638 1401 696 1439 tui
725 1413 787 1439 me
813 1400 1026 1453 quidquam
1054 1403 1229 1444 invenisti

280 1468 408 1506 penae.

122 1511 223 1549 Eue.
240 1508 377 1556 Mane,
399 1520 535 1546 mane:
565 1507 651 1559 quis
669 1507 747 1546 illic
765 1515 834 1555 est,
854 1508 921 1559 qui
938 1508 1002 1548 hic
1019 1509 1122 1549 intus
1140 1511 1233 1551 alter

284 1569 364 1600 erat
380 1570 507 1601 tecum
525 1561 641 1599 simul
656 1562 674 1599 ?

125 1615 242 1665 Perii,
257 1615 407 1654 hercle!
428 1615 494 1653 ille
507 1627 608 1653 nunc
622 1614 727 1653 intus
745 1616 897 1654 turbat:
918 1616 1021 1655 hunc
1039 1617 1070 1655 si
1087 1619 1233 1668 amitto,

287 1668 351 1706 hie
368 1668 513 1707 abierit.

128 1722 328 1761 Postremo
355 1723 437 1771 jam
463 1721 567 1759 hune
591 1722 834 1773 perscrutavi.
889 1722 967 1762 Hic
991 1723 1086 1762 nihi]
1109 1724 1238 1765 habet.

291 1775 389 1821 Abi,
408 1788 485 1826 quo
502 1775 621 1813 lubet.
1186 1780 1238 1818 30

131 1827 287 1880 Jupiter
303 1834 341 1866 te
358 1827 502 1880 Diique
519 1827 693 1879 perdant.

606 1882 713 1920 Stro.
733 1882 853 1921 Haud
871 1883 972 1921 male
989 1884 1069 1935 agit
1086 1886 1240 1936 gratias,

133 1937 237 1975 Euc-
266 1934 339 1973 Ibo
357 1934 446 1973 hinc
463 1933 576 1982 intro,
602 1942 717 1988 atque
734 1935 792 1974 illi
819 1936 918 1975 socio
936 1946 1003 1976 tuo
1017 1939 1099 1988 jam
1126 1939 1243 1977 inter·

296 1987 481 2039 stringam
499 1988 645 2039 gulam.

138 2042 297 2093 Fugi'n'
315 2041 405 2081 hinc
422 2042 471 2080 ab
488 2041 608 2082 oculis
621 2043 640 2081 ,⁹
667 2042 800 2089 abi'n'‚
819 2055 868 2081 an
886 2055 963 2082 non
977 2046 996 2082 Ρ

629 2097 734 2135 Stro.
751 2097 877 2135 Abeo.

722 2151 822 2195 Eue,
841 2149 944 2189 Cave
961 2150 1011 2189 sis
1030 2158 1067 2189 te
1085 2150 1245 2190 videam.

198 2211 306 2242 vot.
325 2210 354 2239 1.
1009 2213 1036 2240 ο
