1412 2427
408 57 810 99 CISTELLARIA.
837 57 922 96 111.
1149 54 1230 92 335

119 166 229 205 Prior
245 167 425 219 posterior
443 166 505 214 sit,
525 173 562 204 et
580 165 760 217 posterior
778 165 826 203 sit
843 164 976 215 prior?
1176 161 1226 206 71

118 222 232 259 Lam.
262 221 374 312 {rius
399 220 498 258 hanc
525 219 758 269 compressit,
790 231 910 269 quam
938 228 1098 256 uxorem
1118 215 1231 253 duxit

302 287 433 312 omum
450 287 461 310 :

119 327 232 366 Prius
249 327 405 378 gravida
422 327 522 365 facta
539 334 608 374 est,
626 325 808 377 priusque
825 323 972 376 peperit
988 324 1122 362 filiam.

116 381 218 419 Eam
236 389 439 432 postquam
457 380 617 431 peperit,
634 379 747 429 jussit
764 391 923 430 parvam
942 377 1087 427 projici.

117 435 206 484 Ego
225 446 308 472 eam
327 434 492 485 projeci;
521 433 596 471 alia
613 432 750 471 mulier
768 432 943 470 sustulit:
1173 430 1226 473 75

117 487 204 538 Ego
222 488 440 539 inspectavi.
486 488 614 525 Herus
631 486 730 524 hanc
748 485 860 523 duxit
876 483 1028 536 postibi.

115 541 219 579 Eam
239 553 340 579 nunc
357 540 541 592 puellam,
561 540 680 578 filiam
699 540 793 589 ejus,
814 539 1033 590 quaerimus.

112 594 223 642 Quid
241 607 343 633 nunc
362 594 498 646 supina
517 606 666 632 sursum
681 591 720 630 in
739 592 876 631 coelum
895 590 1106 642 conspicis?

115 649 218 687 Mel.
261 649 281 686 1
318 660 421 686 nunc
453 649 536 698 jam
571 647 682 694 istuc,
722 657 799 697 quo
833 646 1085 698 properabas3
1129 641 1227 680 nihil

275 714 413 739 moror.

120 755 162 794 N
164 767 238 794 unc
256 755 440 793 intellexi.
1082 757 1085 761 ’

382 810 497 846 Lam.
525 807 612 845 Diis
629 806 800 857 (hercle)
820 807 942 845 habeo
959 805 1144 857 gratiam:
1174 803 1226 841 80

113 864 236 911 Nam,
257 862 297 900 ni
315 862 526 909 inteUexes,
547 874 747 912 nunquam
767 861 910 907 (credo)
930 861 1130 898 amitteres.

117 919 218 956 Mel.
250 916 365 953 Nunc
384 915 480 953 mihi
498 917 607 953 bonae
625 927 820 953 necessum
833 915 881 952 'st
898 926 977 952 esse
995 911 1181 963 ingratiiS‚

113 971 364 1021 Quamquam
383 981 462 1007 esse
481 968 580 1006 nolo.
629 968 731 1006 Rem
749 969 877 1019 palam
896 979 974 1005 esse
991 965 1176 1016 intelligo.

117 1025 235 1062 Nunc
253 1031 402 1073 egomet
420 1022 545 1073 potius
563 1022 661 1060 hanc
675 1021 779 1059 inibo
796 1021 958 1073 gratiam

114 1078 181 1116 Ab
201 1077 289 1122 illis,
309 1089 426 1126 quam
444 1075 541 1114 illaec
558 1075 697 1113 indicet
715 1088 789 1112 me.
835 1076 907 1113 Ibo
925 1074 1100 1120 domum,
1173 1072 1225 1109 85

116 1132 249 1183 Atque
267 1129 316 1168 ad
330 1129 517 1181 parenteis
535 1129 673 1168 reduco
692 1128 893 1167 Silenium.

514 1289 700 1329 ACTUS
729 1289 810 1327 III.

157 1397 406 1436 MELAEms.
451 1397 870 1436 ALCESIMARCHUS.
922 1395 1183 1435 Sumturu-

117 1507 218 1545 Mel.
246 1505 346 1544 Rem
374 1504 522 1543 elocuta
547 1517 634 1543 sum
661 1504 730 1543 tibi
756 1515 935 1543 omnem:
964 1515 1122 1555 sequere
1147 1515 1224 1552 me,

276 1571 363 1596 mea
386 1558 588 1604 Silenium,

114 1611 172 1650 Ut
189 1624 334 1655 eorum,
360 1613 516 1663 quojam
542 1625 622 1650 esse
640 1618 787 1663 oportet
812 1618 864 1659 te,
891 1610 941 1649 sis
964 1610 1090 1662 potius
1109 1623 1226 1661 quam

275 1677 314 1703 m
363 1693 374 1703 .

117 1679 365 1770 Quamquaena]
385 1719 503 1757 invita
527 1726 564 1756 te
585 1721 730 1767 carebo,
754 1718 928 1757 animum
954 1730 1023 1769 ego
1046 1717 1226 1756 inducam

277 1780 403 1810 tamen

116 1825 173 1864 Ut
199 1825 309 1868 illud,
321 1799 439 1916 lZuo'd
471 1834 577 1863 tuam
606 1825 646 1863 in
675 1838 756 1863 rem
782 1827 879 1864 bene
906 1825 1105 1873 conducat,
1138 1838 1227 1864 con-

276 1892 318 1916 su
361 1891 425 1916 m:

115 1932 222 1970 Nam
249 1932 313 1970 hic
335 1931 540 1983 crepundia
561 1931 707 1979 insunt,
733 1932 960 1983 quibuscum
983 1939 1021 1971 te
1044 1932 1111 1970 illa
1133 1932 1226 1970 olim

277 1985 326 2023 ad
343 1998 404 2023 me
422 1984 570 2030 detulit,
1199 1987 1224 2022 5

114 2037 215 2086 Quae
229 2039 324 2076 mihi
343 2038 446 2076 dedit
462 2053 471 2076 :
502 2047 675 2089 parentes
694 2047 731 2077 te
748 2046 792 2077 ut
810 2047 1036 2090 cognoscant
1053 2039 1214 2077 facilius.

112 2093 258 2145 Accipe
294 2092 391 2130 hanc
420 2091 618 2139 cistellam,
650 2092 834 2137 Halisca3
877 2099 1006 2144 atque,
1043 2092 1224 2143 agedum,

275 2145 383 2198 pulta
401 2145 485 2183 illas
503 2145 626 2183 foreis.
