1412 2427
191 62 265 101 198
483 58 820 99 BACCHIDES.
850 59 924 97 lv.
955 59 993 95 4.

189 168 317 215 Quem
347 165 377 204 si
405 178 522 213 orem,
553 173 597 204 ut
626 166 722 204 mihi
743 164 839 204 nihil
863 164 1002 211 credat,
1028 162 1068 201 id
1093 174 1168 201 non
1197 162 1297 201 ausit

352 219 511 258 credere.
1244 217 1296 254 46

193 275 322 311 filnes.
355 273 496 319 Immo,
516 273 547 310 si
572 271 717 321 audias,
737 285 823 324 quae
847 271 947 310 dicta
968 269 1066 309 dixit
1084 282 1146 309 me
1163 268 1297 308 advor-

354 338 438 364 sum
459 326 539 363 tibi.

197 381 293 419 Chr.
321 379 428 427 Quid
447 379 543 416 dixit
556 379 574 415 ’Β

257 434 314 470 M
314 446 388 470 nes.
417 432 459 470 Si
477 440 518 470 tu
537 432 648 470 illum
667 433 794 471 Solem
813 431 883 470 sibi
902 430 1029 469 Solem
1048 442 1126 468 esse
1143 428 1299 477 dixeris,

194 487 243 526 Se
260 486 370 524 illum
397 486 551 524 Lunam
577 485 723 524 credere
747 498 838 533 esse,
862 491 899 522 et
922 490 1084 532 noctem,
1108 483 1175 534 qui
1197 494 1299 521 nunc

354 547 409 577 est
426 539 514 577 dies.

197 594 295 633 Chr.
333 593 554 642 Emungam
592 591 758 639 (hercle)
791 590 986 628 hominem
1015 591 1131 642 probe
1160 589 1299 638 hodie;

354 657 402 683 ne
420 645 459 682 id
478 645 736 696 nequidquam
755 643 905 681 dixerit.
1249 648 1302 684 50

197 701 329 738 Νίκας.
359 699 475 737 Nunc
492 699 585 749 quid
604 710 670 736 nos
689 697 745 735 vis
762 697 881 734 facere
892 696 910 733 ’ἓ

432 753 530 790 Chr.
558 751 676 790 Enim
695 750 805 798 nihil,
825 749 898 787 nisi
915 756 959 788 ut
977 751 1124 798 ametis,
1144 751 1304 802 impero.

198 806 403 852 Caeterum,
424 812 611 856 quantum
630 805 736 842 lubet
756 815 819 840 me
840 804 1018 854 poscitote
1042 817 1204 850 aurum3
1235 818 1304 856 ego

197 911 306 960 Quid
332 858 567 949 niliiikioiefert
593 910 776 961 Chrysalo
808 921 886 948 esse
917 921 1070 958 nomen,
1101 910 1174 949 nisi
1197 911 1305 951 factis

198 1018 273 1059 Sed
291 965 657 1078 nuti'czogssgqnssum
675 1014 799 1055 usu’st
819 1015 901 1054 auri
924 1015 1007 1064 tibi,
1036 1015 1271 1057 Mnesiloche
1284 1020 1302 1057 ?

198 1126 333 1163 Mncs.
358 1071 692 1162 (iilissriliihluummis
723 1121 893 1160 ducentis
917 1123 998 1171 jam
1027 1135 1119 1162 usus
1150 1131 1206 1164 est
1235 1138 1305 1177 pro

358 1177 560 1216 Bacchide.
1253 1180 1305 1217 55

204 1232 300 1271 Chr.
329 1231 414 1281 Ego
432 1231 542 1269 dabo.

361 1286 492 1324 Illae-5.
521 1285 627 1323 Tum
646 1284 753 1323 nobis
772 1297 867 1335 opus
885 1292 941 1324 aet
959 1292 1102 1324 sumtu.

811 1339 905 1377 Chr.
934 1338 1003 1376 Ah
1018 1339 1028 1375 Ξ
1059 1337 1204 1390 placide
1222 1337 1308 1377 volo

202 1391 507 1444 Unumquidque
535 1404 707 1443 agamus.
745 1391 832 1430 Hoc
860 1393 928 1431 ubi
955 1404 1078 1442 egero,
1104 1399 1189 1430 tum
1210 1391 1309 1430 istuc

434 1458 487 1483 m.

204 1499 267 1538 De
285 1459 455 1538 duceaffgs
473 1498 642 1537 nummis
660 1498 829 1549 primum
847 1497 1042 1536 intendam
1061 1497 1250 1537 ballistam
1269 1498 1309 1536 in

385 1564 524 1590 senem.

204 1605 266 1643 Ea
283 1604 435 1643 ballista
453 1605 485 1642 si
502 1611 716 1655 pervortam
736 1603 870 1642 turrim
889 1611 926 1642 et
943 1606 1240 1656 propugnacula,

204 1659 325 1697 Recta
340 1656 448 1709 porta
458 1657 637 1696 invadam
649 1656 839 1708 extemplo
852 1658 891 1695 in
905 1657 1089 1710 oppidum
1108 1659 1309 1711 antiquum

364 1718 401 1749 et
419 1718 526 1749 vetus
542 1726 553 1749 ε
1256 1714 1309 1752 60

203 1764 246 1803 Si
262 1764 303 1802 id
321 1776 445 1815 capso,
465 1764 622 1815 geritote
639 1764 768 1803 amicis
787 1763 921 1802 vostris
937 1777 1074 1804 aurum
1093 1765 1283 1815 corbibus,

207 1817 270 1868 [Si
288 1818 379 1869 quoi
397 1818 548 1856 animus
566 1819 750 1870 superat]

389 1872 494 1909 Pist.
521 1872 644 1922 Apud
661 1879 698 1909 te
716 1878 771 1910 est
788 1870 938 1910 animus
956 1879 1094 1921 noster,
1113 1871 1310 1924 Chi-ysale.

210 1926 307 1964 Chr.
338 1924 380 1962 N
382 1936 456 1962 unc
475 1931 516 1962 tu
535 1926 598 1963 abi
615 1925 728 1973 intro,
752 1924 967 1973 Pistoclere,
987 1925 1035 1963 ad
1053 1926 1309 1974 Bacchidem3

362 1984 477 2028 atque
496 1978 584 2016 effer
603 1978 676 2016 cito
697 2006 707 2016 .
729 2005 739 2016 .
761 2007 770 2016 .
791 2006 800 2016 .

207 2030 311 2069 Pz’st.
344 2030 450 2078 Quid
463 2033 481 2070 ἓ

319 2084 413 2123 Chr.
443 2084 598 2133 Sfflum,
619 2098 757 2134 ceram,
779 2093 816 2124 et
834 2085 1004 2134 tabellas,
1024 2092 1061 2125 et
1078 2085 1217 2125 linum.

759 2141 863 2178 Pisi.
891 2140 986 2179 Jam
1003 2138 1093 2179 faxo
1109 2139 1173 2179 hic
1192 2147 1315 2180 erunt.
