1412 2427
410 44 712 85 ASINARIA.
741 46 800 84 ΙΙ.
831 50 869 86 4.
1140 47 1187 86 91

359 153 490 190 Alere.
519 152 568 190 Id
586 151 743 203 quidem
762 153 832 191 tibi
852 152 1012 203 (hercle)
1031 153 1109 199 fiet,
1138 153 1190 197 72

76 205 131 243 Ut
149 205 315 256 vapules,
333 204 604 244 Demaenetum
624 206 741 243 simul
756 219 799 244 ac
817 218 1046 258 conspexero
1065 206 1191 245 hodie.

77 258 123 295 In
139 259 204 307 jus
222 270 314 297 voco
334 266 382 297 te.

285 312 405 351 Leon.
433 312 524 350 Non
545 325 599 350 eo.

447 367 581 405 Mero.
610 366 701 404 Non
727 366 760 405 is
777 369 795 405 Ρ
824 374 1028 405 memento.

850 422 973 460 Leon.
1004 420 1188 459 Memini.

75 473 206 510 Alere.
255 472 422 512 Dabitur
459 473 563 525 (pol)
599 474 832 525 supplicium
868 472 966 512 mihi
1001 474 1048 512 de
1085 481 1189 525 tergo

235 535 372 565 vostro.

393 581 514 619 Leon.
541 581 630 628 Vae,
651 581 712 620 te!
1136 580 1188 625 75

74 632 166 671 Tibi
185 633 340 686 quidem
361 634 605 686 supplicium,
626 635 821 682 camufex‚
842 635 889 673 de
906 634 1015 672 nobis
1031 634 1175 672 detur?

744 691 876 726 Mero.
905 689 1036 739 Atque
1055 688 1185 735 etiam,

72 740 149 779 Pro
171 740 303 779 vostris
331 741 440 780 dictis
466 741 674 791 maledicis,
703 755 825 794 poenae
852 741 1065 794 pendentur
1091 741 1189 779 mihi

232 794 357 833 hodie.

68 849 193 887 Leon.
214 847 335 896 Quid,
356 851 539 888 verbero?
560 849 608 887 ai’
612 849 652 886 n'
667 856 723 897 tu,
743 848 924 887 furcifer?
948 848 1085 887 herum
1098 860 1188 886 nos-

230 910 310 940 met
326 903 490 953 fugitare
508 915 635 942 censes
649 905 667 942 ?

71 956 91 993 I
112 967 214 993 nunc
237 956 319 1004 jam
343 956 392 994 ad
416 957 567 1005 herum,
592 969 669 1008 quo
693 968 804 994 vocas
821 955 1077 1005 jamdudum,
1067 970 1077 979 ·
1109 968 1186 1008 quo

230 1009 395 1048 volebas.

71 1064 202 1100 Herc.
230 1063 349 1101 Nunc
377 1063 569 1101 demum?
598 1071 726 1101 tamen
753 1074 954 1114 nunquam
978 1062 1068 1101 hinc
1089 1063 1186 1101 feres

229 1116 375 1166 argenti
393 1129 614 1164 nummum,
635 1117 708 1154 nisi
724 1129 788 1154 me
1132 1117 1184 1154 80

70 1169 174 1208 Dare
189 1169 343 1219 jusserit
361 1170 622 1208 Demaenetus.

397 1224 512 1261 Leon.
543 1224 603 1261 Ita
620 1223 744 1261 facito.
785 1223 889 1273 Age,
910 1223 1066 1260 ambula
1084 1235 1186 1274 ergo.

70 1277 136 1315 Tu
155 1277 426 1315 contumeliam
445 1277 552 1314 alteri
570 1277 698 1323 facias,
719 1276 788 1314 tibi
806 1287 883 1313 non
903 1275 1076 1314 dicatur?

66 1330 168 1368 Tam
187 1342 258 1381 ego
276 1330 392 1369 1101110
411 1343 497 1368 sum
514 1343 630 1380 quam
650 1338 704 1367 tu.

390 1385 521 1422 Alere.
551 1384 702 1422 Scilicet
719 1383 773 1421 ita
790 1396 848 1421 res
866 1389 935 1420 est.

665 1437 783 1474 Leon.
815 1437 980 1487 Sequere
996 1436 1068 1475 hac
1082 1449 1183 1488 ergo,

66 1491 274 1531 Praefiscini
301 1492 372 1530 hoc
399 1504 501 1530 nunc
528 1490 690 1528 dixerim
705 1504 717 1537 ;
748 1502 861 1527 nemo
890 1490 1004 1528 etiam
1031 1502 1094 1529 me
1122 1503 1183 1528 ac-

225 1554 370 1584 cusav1t

64 1600 210 1638 Merito
227 1612 338 1644 me03
360 1612 484 1651 neque
502 1612 565 1637 me
580 1597 742 1636 Athenis
761 1604 817 1635 est
835 1598 928 1635 alter
946 1596 1059 1635 hodie
1078 1597 1182 1648 quis-

226 1666 359 1703 quam,
1129 1653 1181 1689 85

65 1707 173 1755 Quoi
190 1706 291 1745 credi
307 1714 407 1745 recte
425 1718 532 1756 aeque
549 1713 696 1756 putent.

486 1761 616 1797 Μενο.
647 1759 856 1797 Fortassis:
888 1758 952 1797 sed
971 1764 1098 1796 tamen
1117 1770 1181 1797 me

57 1815 108 1853 ,Ν
110 1826 283 1865 unquam
302 1811 414 1850 hodie
433 1812 601 1860 induces,
622 1821 666 1851 ut
683 1813 754 1852 tibi
773 1813 922 1851 credam
950 1812 1021 1849 hoc
1043 1824 1180 1863 argen-

226 1875 309 1904 tum
329 1866 472 1916 ignoto.

65 1922 202 1974 Lupus
221 1928 277 1959 est
304 1919 420 1957 homo
446 1920 608 1981 homini,
638 1932 715 1958 non
742 1920 873 1967 homo,
900 1932 1033 1971 quom,
1056 1919 1180 1972 qualis

224 1973 285 2021 sit,
306 1985 383 2011 non
403 1974 518 2011 novit.

63 2031 184 2069 Leon.
209 2030 305 2068 Jam
327 2039 429 2065 nunc
452 2028 617 2067 secunda
640 2027 736 2066 mihi
762 2028 863 2067 facis.
911 2027 1064 2067 Scibam
1088 2026 1178 2064 huic

222 2091 259 2121 te
278 2081 445 2132 capitulo
463 2081 575 2120 hodie
