<?xml version="1.0" encoding="UTF-8"?>
<!DOCTYPE html PUBLIC "-//W3C//DTD XHTML 1.0 Transitional//EN"
    "http://www.w3.org/TR/xhtml1/DTD/xhtml1-transitional.dtd">
<html xmlns="http://www.w3.org/1999/xhtml" xml:lang="en" lang="en">
 <head>
  <title>
</title>
<meta http-equiv="Content-Type" content="text/html;charset=utf-8" />
  <meta name='ocr-system' content='tesseract 3.04.00' />
  <meta name='ocr-capabilities' content='ocr_page ocr_carea ocr_par ocr_line ocrx_word'/>
</head>
<body>
  <div class='ocr_page' id='page_1' title='image "./comoediaesupers01plauuoft_0131.png"; bbox 0 0 1412 2427; ppageno 0'>
   <div class='ocr_carea' id='block_1_1' title="bbox 413 35 1224 77">
    <p class='ocr_par' dir='ltr' id='par_1_1' title="bbox 413 35 1224 77">
     <span class='ocr_line' id='line_1_1' title="bbox 413 35 1224 77; baseline 0.004 -3"><span class='ocrx_word' id='word_1_1' title='bbox 413 35 775 74; x_wconf 84' lang='lat' dir='ltr'>AULULARIA.</span> <span class='ocrx_word' id='word_1_2' title='bbox 803 37 862 74; x_wconf 92' lang='grc' dir='ltr'>ΙΙ.</span> <span class='ocrx_word' id='word_1_3' title='bbox 891 39 929 76; x_wconf 81' lang='lat'>2.</span> <span class='ocrx_word' id='word_1_4' title='bbox 1149 40 1224 77; x_wconf 77' lang='lat'>123</span> 
     </span>
    </p>
   </div>
   <div class='ocr_carea' id='block_1_2' title="bbox 111 142 1226 295">
    <p class='ocr_par' dir='ltr' id='par_1_2' title="bbox 111 142 1226 295">
     <span class='ocr_line' id='line_1_2' title="bbox 430 142 1128 195; baseline 0.004 -16"><span class='ocrx_word' id='word_1_5' title='bbox 430 145 539 180; x_wconf 82' lang='lat' dir='ltr'>Eun.</span> <span class='ocrx_word' id='word_1_6' title='bbox 567 142 701 191; x_wconf 87' lang='lat' dir='ltr'><strong>Quid!</strong></span> <span class='ocrx_word' id='word_1_7' title='bbox 733 155 796 181; x_wconf 89' lang='lat' dir='ltr'>me</span> <span class='ocrx_word' id='word_1_8' title='bbox 813 155 917 182; x_wconf 83' lang='lat' dir='ltr'>nunc</span> <span class='ocrx_word' id='word_1_9' title='bbox 931 143 1025 195; x_wconf 90' lang='lat' dir='ltr'>quid</span> <span class='ocrx_word' id='word_1_10' title='bbox 1043 145 1128 184; x_wconf 83' lang='lat' dir='ltr'>vis?</span> 
     </span>
     <span class='ocr_line' id='line_1_3' title="bbox 888 198 1226 247; baseline 0.015 -14"><span class='ocrx_word' id='word_1_11' title='bbox 888 199 1003 247; x_wconf 83' lang='lat' dir='ltr'>Meg.</span> <span class='ocrx_word' id='word_1_12' title='bbox 1033 198 1144 237; x_wconf 85' lang='lat' dir='ltr'><strong>Vale.</strong></span> <span class='ocrx_word' id='word_1_13' title='bbox 1174 201 1226 238; x_wconf 86' lang='lat'>53</span> 
     </span>
     <span class='ocr_line' id='line_1_4' title="bbox 111 249 521 295; baseline 0 -8"><span class='ocrx_word' id='word_1_14' title='bbox 111 252 217 288; x_wconf 84' lang='lat' dir='ltr'>Eun.</span> <span class='ocrx_word' id='word_1_15' title='bbox 245 249 300 287; x_wconf 89' lang='lat' dir='ltr'>Et</span> <span class='ocrx_word' id='word_1_16' title='bbox 317 256 375 295; x_wconf 80' lang='lat' dir='ltr'>tu,</span> <span class='ocrx_word' id='word_1_17' title='bbox 395 249 521 288; x_wconf 87' lang='lat' dir='ltr'>frater.</span> 
     </span>
    </p>
   </div>
   <div class='ocr_carea' id='block_1_3' title="bbox 109 303 1229 449">
    <p class='ocr_par' dir='ltr' id='par_1_3' title="bbox 109 303 1229 449">
     <span class='ocr_line' id='line_1_5' title="bbox 315 303 1229 355; baseline 0.002 -13"><span class='ocrx_word' id='word_1_18' title='bbox 315 305 429 353; x_wconf 80' lang='lat' dir='ltr'>Meg.</span> <span class='ocrx_word' id='word_1_19' title='bbox 460 305 548 355; x_wconf 86' lang='lat' dir='ltr'>Ego</span> <span class='ocrx_word' id='word_1_20' title='bbox 566 303 788 342; x_wconf 82' lang='lat' dir='ltr'>conveniam</span> <span class='ocrx_word' id='word_1_21' title='bbox 807 304 1053 352; x_wconf 86' lang='lat' dir='ltr'><strong>Euclionem,</strong></span> <span class='ocrx_word' id='word_1_22' title='bbox 1074 305 1106 342; x_wconf 86' lang='lat' dir='ltr'>si</span> <span class='ocrx_word' id='word_1_23' title='bbox 1124 306 1229 344; x_wconf 88' lang='lat' dir='ltr'>domi</span> 
     </span>
     <span class='ocr_line' id='line_1_6' title="bbox 109 355 1229 449; baseline 0.003 -55"><span class='ocrx_word' id='word_1_24' title='bbox 109 355 196 395; x_wconf 86' lang='lat' dir='ltr'>Est.</span> <span class='ocrx_word' id='word_1_25' title='bbox 244 356 491 449; x_wconf 48' lang='lat' dir='ltr'>Sfflmegcgm.</span> <span class='ocrx_word' id='word_1_26' title='bbox 550 358 690 396; x_wconf 63' lang='lat' dir='ltr'>Nescio</span> <span class='ocrx_word' id='word_1_27' title='bbox 718 358 821 396; x_wconf 87' lang='lat' dir='ltr'>unde</span> <span class='ocrx_word' id='word_1_28' title='bbox 848 371 926 397; x_wconf 64' lang='lat' dir='ltr'>saee</span> <span class='ocrx_word' id='word_1_29' title='bbox 953 358 1069 397; x_wconf 91' lang='lat' dir='ltr'>homo</span> <span class='ocrx_word' id='word_1_30' title='bbox 1096 359 1229 410; x_wconf 87' lang='lat' dir='ltr'>recipit</span> 
     </span>
    </p>
   </div>
   <div class='ocr_carea' id='block_1_4' title="bbox 365 566 975 714">
    <p class='ocr_par' dir='ltr' id='par_1_4' title="bbox 365 566 975 714">
     <span class='ocr_line' id='line_1_7' title="bbox 365 566 975 608; baseline 0 -1"><span class='ocrx_word' id='word_1_31' title='bbox 365 568 552 607; x_wconf 88' lang='lat' dir='ltr'>ACTUS</span> <span class='ocrx_word' id='word_1_32' title='bbox 580 567 641 606; x_wconf 88' lang='grc' dir='ltr'>ΙΙ.</span> <span class='ocrx_word' id='word_1_33' title='bbox 696 566 884 606; x_wconf 86' lang='lat' dir='ltr'>SCENA</span> <span class='ocrx_word' id='word_1_34' title='bbox 912 569 975 608; x_wconf 90' lang='grc' dir='ltr'>ΙΙ.</span> 
     </span>
     <span class='ocr_line' id='line_1_8' title="bbox 390 650 956 714; baseline 0 0"><span class='ocrx_word' id='word_1_35' title='bbox 390 676 583 714; x_wconf 71' lang='lat' dir='ltr'>Eccmo.</span> <span class='ocrx_word' id='word_1_36' title='bbox 636 650 956 714; x_wconf 59' lang='lat' dir='ltr'>Memnonos.</span> 
     </span>
    </p>
   </div>
   <div class='ocr_carea' id='block_1_5' title="bbox 112 780 1247 2124">
    <p class='ocr_par' dir='ltr' id='par_1_5' title="bbox 112 780 1247 2124">
     <span class='ocr_line' id='line_1_9' title="bbox 116 780 1233 836; baseline 0.002 -14"><span class='ocrx_word' id='word_1_37' title='bbox 116 785 217 822; x_wconf 80' lang='lat' dir='ltr'>Eue.</span> <span class='ocrx_word' id='word_1_38' title='bbox 249 783 482 834; x_wconf 51' lang='lat' dir='ltr'>Prasagibat</span> <span class='ocrx_word' id='word_1_39' title='bbox 500 783 558 820; x_wconf 81' lang='lat' dir='ltr'>mi</span> <span class='ocrx_word' id='word_1_40' title='bbox 577 783 743 831; x_wconf 86' lang='lat' dir='ltr'>animus,</span> <span class='ocrx_word' id='word_1_41' title='bbox 766 780 905 821; x_wconf 78' lang='lat' dir='ltr'>frustra</span> <span class='ocrx_word' id='word_1_42' title='bbox 928 796 992 822; x_wconf 89' lang='lat' dir='ltr'>me</span> <span class='ocrx_word' id='word_1_43' title='bbox 1019 784 1087 833; x_wconf 80' lang='lat' dir='ltr'>ire,</span> <span class='ocrx_word' id='word_1_44' title='bbox 1114 797 1233 836; x_wconf 86' lang='lat' dir='ltr'>quom</span> 
     </span>
     <span class='ocr_line' id='line_1_10' title="bbox 277 837 590 876; baseline -0.006 0"><span class='ocrx_word' id='word_1_45' title='bbox 277 837 429 876; x_wconf 81' lang='lat' dir='ltr'>exibam</span> <span class='ocrx_word' id='word_1_46' title='bbox 449 837 563 875; x_wconf 88' lang='lat' dir='ltr'>domo</span> <span class='ocrx_word' id='word_1_47' title='bbox 579 851 590 874; x_wconf 88' lang='lat'>:</span> 
     </span>
     <span class='ocr_line' id='line_1_11' title="bbox 116 891 1233 944; baseline -0.003 -15"><span class='ocrx_word' id='word_1_48' title='bbox 116 891 256 942; x_wconf 86' lang='lat' dir='ltr'>Itaque</span> <span class='ocrx_word' id='word_1_49' title='bbox 274 891 427 930; x_wconf 90' lang='lat' dir='ltr'>abibam</span> <span class='ocrx_word' id='word_1_50' title='bbox 442 891 609 929; x_wconf 85' lang='lat' dir='ltr'>invitus:</span> <span class='ocrx_word' id='word_1_51' title='bbox 640 903 732 929; x_wconf 88' lang='lat' dir='ltr'>nam</span> <span class='ocrx_word' id='word_1_52' title='bbox 756 902 881 942; x_wconf 84' lang='lat' dir='ltr'>neque</span> <span class='ocrx_word' id='word_1_53' title='bbox 904 892 1110 944; x_wconf 87' lang='lat' dir='ltr'>quisquam</span> <span class='ocrx_word' id='word_1_54' title='bbox 1135 892 1233 931; x_wconf 90' lang='lat' dir='ltr'>curi-</span> 
     </span>
     <span class='ocr_line' id='line_1_12' title="bbox 276 945 398 983; baseline 0 0"><span class='ocrx_word' id='word_1_55' title='bbox 276 945 398 983; x_wconf 82' lang='lat' dir='ltr'>alium</span> 
     </span>
     <span class='ocr_line' id='line_1_13' title="bbox 117 998 1235 1050; baseline -0.001 -12"><span class='ocrx_word' id='word_1_56' title='bbox 117 998 251 1047; x_wconf 85' lang='lat' dir='ltr'>Venit,</span> <span class='ocrx_word' id='word_1_57' title='bbox 288 1011 413 1050; x_wconf 89' lang='lat' dir='ltr'>neque</span> <span class='ocrx_word' id='word_1_58' title='bbox 448 998 640 1050; x_wconf 83' lang='lat' dir='ltr'>magister,</span> <span class='ocrx_word' id='word_1_59' title='bbox 678 1012 795 1050; x_wconf 85' lang='lat' dir='ltr'>quem</span> <span class='ocrx_word' id='word_1_60' title='bbox 830 998 998 1037; x_wconf 86' lang='lat' dir='ltr'>dividere</span> <span class='ocrx_word' id='word_1_61' title='bbox 1033 1006 1235 1050; x_wconf 87' lang='lat' dir='ltr'>argentum</span> 
     </span>
     <span class='ocr_line' id='line_1_14' title="bbox 281 1060 460 1090; baseline 0 0"><span class='ocrx_word' id='word_1_62' title='bbox 281 1065 304 1090; x_wconf 94' lang='lat' dir='ltr'>o</span> <span class='ocrx_word' id='word_1_63' title='bbox 333 1060 460 1090; x_wconf 77' lang='lat' dir='ltr'>ortuit.</span> 
     </span>
     <span class='ocr_line' id='line_1_15' title="bbox 119 1066 1235 1157; baseline 0 -13"><span class='ocrx_word' id='word_1_64' title='bbox 119 1105 238 1144; x_wconf 89' lang='lat' dir='ltr'>Nunc</span> <span class='ocrx_word' id='word_1_65' title='bbox 256 1066 416 1144; x_wconf 65' lang='lat' dir='ltr'>doiinum</span> <span class='ocrx_word' id='word_1_66' title='bbox 433 1118 633 1156; x_wconf 86' lang='lat' dir='ltr'>properare</span> <span class='ocrx_word' id='word_1_67' title='bbox 649 1117 834 1155; x_wconf 87' lang='lat' dir='ltr'>propero:</span> <span class='ocrx_word' id='word_1_68' title='bbox 865 1117 956 1144; x_wconf 91' lang='lat' dir='ltr'>nam</span> <span class='ocrx_word' id='word_1_69' title='bbox 983 1114 1132 1157; x_wconf 84' lang='lat' dir='ltr'>egomet</span> <span class='ocrx_word' id='word_1_70' title='bbox 1149 1119 1235 1144; x_wconf 89' lang='lat' dir='ltr'>sum</span> 
     </span>
     <span class='ocr_line' id='line_1_16' title="bbox 280 1159 1233 1203; baseline 0 -7"><span class='ocrx_word' id='word_1_71' title='bbox 280 1159 369 1203; x_wconf 81' lang='lat' dir='ltr'>hic3</span> <span class='ocrx_word' id='word_1_72' title='bbox 399 1159 550 1197; x_wconf 88' lang='lat' dir='ltr'>animus</span> <span class='ocrx_word' id='word_1_73' title='bbox 568 1159 673 1196; x_wconf 84' lang='lat' dir='ltr'>domi</span> <span class='ocrx_word' id='word_1_74' title='bbox 693 1159 753 1196; x_wconf 90' lang='lat' dir='ltr'>&#39;st.</span> <span class='ocrx_word' id='word_1_75' title='bbox 1208 1162 1233 1196; x_wconf 88' lang='grc'>4</span> 
     </span>
     <span class='ocr_line' id='line_1_17' title="bbox 118 1211 1221 1264; baseline 0.001 -14"><span class='ocrx_word' id='word_1_76' title='bbox 118 1214 234 1262; x_wconf 67' lang='lat' dir='ltr'>ssleg.</span> <span class='ocrx_word' id='word_1_77' title='bbox 261 1213 398 1251; x_wconf 85' lang='lat' dir='ltr'>Salvus</span> <span class='ocrx_word' id='word_1_78' title='bbox 416 1220 530 1263; x_wconf 84' lang='lat' dir='ltr'>atque</span> <span class='ocrx_word' id='word_1_79' title='bbox 549 1212 778 1260; x_wconf 78' lang='lat' dir='ltr'>fortunatus,</span> <span class='ocrx_word' id='word_1_80' title='bbox 799 1211 951 1261; x_wconf 85' lang='lat' dir='ltr'>Euclio,</span> <span class='ocrx_word' id='word_1_81' title='bbox 972 1226 1120 1264; x_wconf 88' lang='lat' dir='ltr'>semper</span> <span class='ocrx_word' id='word_1_82' title='bbox 1138 1213 1221 1251; x_wconf 61' lang='grc' dir='ltr'>εἰω-</span> 
     </span>
     <span class='ocr_line' id='line_1_18' title="bbox 123 1264 782 1316; baseline -0.002 -12"><span class='ocrx_word' id='word_1_83' title='bbox 123 1269 224 1304; x_wconf 73' lang='lat' dir='ltr'>Eue.</span> <span class='ocrx_word' id='word_1_84' title='bbox 250 1264 320 1303; x_wconf 84' lang='lat' dir='ltr'>Dii</span> <span class='ocrx_word' id='word_1_85' title='bbox 340 1274 376 1304; x_wconf 93' lang='lat' dir='ltr'>te</span> <span class='ocrx_word' id='word_1_86' title='bbox 394 1274 536 1312; x_wconf 77' lang='lat' dir='ltr'>ament,</span> <span class='ocrx_word' id='word_1_87' title='bbox 558 1265 782 1316; x_wconf 83' lang='lat' dir='ltr'>Megadore.</span> 
     </span>
     <span class='ocr_line' id='line_1_19' title="bbox 284 1319 1235 1370; baseline 0.001 -13"><span class='ocrx_word' id='word_1_88' title='bbox 284 1322 397 1369; x_wconf 68' lang='lat' dir='ltr'>stleg.</span> <span class='ocrx_word' id='word_1_89' title='bbox 419 1319 527 1366; x_wconf 87' lang='lat' dir='ltr'>Quid</span> <span class='ocrx_word' id='word_1_90' title='bbox 545 1319 618 1356; x_wconf 85' lang='lat' dir='ltr'>tu?</span> <span class='ocrx_word' id='word_1_91' title='bbox 638 1319 791 1363; x_wconf 89' lang='lat' dir='ltr'>recten&#39;‚</span> <span class='ocrx_word' id='word_1_92' title='bbox 811 1326 926 1370; x_wconf 87' lang='lat' dir='ltr'>atque</span> <span class='ocrx_word' id='word_1_93' title='bbox 944 1328 987 1358; x_wconf 90' lang='lat' dir='ltr'>ut</span> <span class='ocrx_word' id='word_1_94' title='bbox 1006 1321 1078 1368; x_wconf 83' lang='lat' dir='ltr'>vis,</span> <span class='ocrx_word' id='word_1_95' title='bbox 1098 1321 1201 1358; x_wconf 68' lang='lat' dir='ltr'>valae</span> <span class='ocrx_word' id='word_1_96' title='bbox 1218 1323 1235 1358; x_wconf 67' lang='grc' dir='ltr'><strong><em>ἓ</em></strong></span> 
     </span>
     <span class='ocr_line' id='line_1_20' title="bbox 119 1371 1240 1426; baseline 0 -14"><span class='ocrx_word' id='word_1_97' title='bbox 119 1376 222 1413; x_wconf 80' lang='lat' dir='ltr'>Eue.</span> <span class='ocrx_word' id='word_1_98' title='bbox 251 1374 294 1412; x_wconf 88' lang='lat' dir='ltr'>N</span> <span class='ocrx_word' id='word_1_99' title='bbox 296 1385 345 1411; x_wconf 92' lang='lat' dir='ltr'>on</span> <span class='ocrx_word' id='word_1_100' title='bbox 364 1372 608 1411; x_wconf 87' lang='lat' dir='ltr'>temerarium</span> <span class='ocrx_word' id='word_1_101' title='bbox 623 1371 685 1421; x_wconf 83' lang='lat' dir='ltr'>&#39;st‚</span> <span class='ocrx_word' id='word_1_102' title='bbox 704 1372 772 1410; x_wconf 88' lang='lat' dir='ltr'>ubi</span> <span class='ocrx_word' id='word_1_103' title='bbox 790 1372 894 1410; x_wconf 86' lang='lat' dir='ltr'>dives</span> <span class='ocrx_word' id='word_1_104' title='bbox 913 1374 1052 1412; x_wconf 84' lang='lat' dir='ltr'>blande</span> <span class='ocrx_word' id='word_1_105' title='bbox 1071 1374 1240 1426; x_wconf 86' lang='lat' dir='ltr'>appellat</span> 
     </span>
     <span class='ocr_line' id='line_1_21' title="bbox 280 1439 502 1478; baseline 0 -13"><span class='ocrx_word' id='word_1_106' title='bbox 280 1439 502 1478; x_wconf 87' lang='lat' dir='ltr'>pauperem.</span> 
     </span>
     <span class='ocr_line' id='line_1_22' title="bbox 118 1480 1239 1520; baseline -0.001 0"><span class='ocrx_word' id='word_1_107' title='bbox 118 1481 215 1520; x_wconf 81' lang='lat' dir='ltr'>Jam</span> <span class='ocrx_word' id='word_1_108' title='bbox 241 1482 320 1519; x_wconf 91' lang='lat' dir='ltr'>illic</span> <span class='ocrx_word' id='word_1_109' title='bbox 340 1481 456 1518; x_wconf 92' lang='lat' dir='ltr'><strong>homo</strong></span> <span class='ocrx_word' id='word_1_110' title='bbox 480 1493 619 1518; x_wconf 85' lang='lat' dir='ltr'>aurum</span> <span class='ocrx_word' id='word_1_111' title='bbox 644 1492 708 1519; x_wconf 87' lang='lat' dir='ltr'>me</span> <span class='ocrx_word' id='word_1_112' title='bbox 732 1480 801 1520; x_wconf 87' lang='lat' dir='ltr'>scit</span> <span class='ocrx_word' id='word_1_113' title='bbox 827 1480 990 1520; x_wconf 86' lang='lat' dir='ltr'>habere:</span> <span class='ocrx_word' id='word_1_114' title='bbox 1023 1494 1068 1520; x_wconf 87' lang='lat' dir='ltr'>eo</span> <span class='ocrx_word' id='word_1_115' title='bbox 1092 1493 1156 1519; x_wconf 89' lang='lat' dir='ltr'>me</span> <span class='ocrx_word' id='word_1_116' title='bbox 1180 1494 1239 1519; x_wconf 83' lang='lat' dir='ltr'>sa-</span> 
     </span>
     <span class='ocr_line' id='line_1_23' title="bbox 278 1534 585 1573; baseline 0 0"><span class='ocrx_word' id='word_1_117' title='bbox 278 1535 378 1573; x_wconf 87' lang='lat' dir='ltr'>lutat</span> <span class='ocrx_word' id='word_1_118' title='bbox 393 1534 585 1573; x_wconf 83' lang='lat' dir='ltr'>blandius.</span> 
     </span>
     <span class='ocr_line' id='line_1_24' title="bbox 122 1587 661 1639; baseline -0.002 -13"><span class='ocrx_word' id='word_1_119' title='bbox 122 1590 237 1639; x_wconf 84' lang='lat' dir='ltr'>Meg.</span> <span class='ocrx_word' id='word_1_120' title='bbox 262 1588 373 1627; x_wconf 91' lang='lat' dir='ltr'>Ai’n&#39;</span> <span class='ocrx_word' id='word_1_121' title='bbox 394 1594 436 1625; x_wconf 90' lang='lat' dir='ltr'>tu</span> <span class='ocrx_word' id='word_1_122' title='bbox 454 1594 492 1626; x_wconf 88' lang='lat' dir='ltr'>te</span> <span class='ocrx_word' id='word_1_123' title='bbox 510 1587 661 1626; x_wconf 83' lang='lat' dir='ltr'>valere?</span> 
     </span>
     <span class='ocr_line' id='line_1_25' title="bbox 388 1641 1239 1695; baseline 0.002 -16"><span class='ocrx_word' id='word_1_124' title='bbox 388 1643 489 1679; x_wconf 81' lang='lat' dir='ltr'>Eue.</span> <span class='ocrx_word' id='word_1_125' title='bbox 519 1642 606 1691; x_wconf 90' lang='lat' dir='ltr'>Pol,</span> <span class='ocrx_word' id='word_1_126' title='bbox 629 1655 699 1693; x_wconf 82' lang='lat' dir='ltr'>ego</span> <span class='ocrx_word' id='word_1_127' title='bbox 717 1641 822 1680; x_wconf 89' lang='lat' dir='ltr'>haud</span> <span class='ocrx_word' id='word_1_128' title='bbox 840 1655 864 1680; x_wconf 90' lang='lat' dir='ltr'>a</span> <span class='ocrx_word' id='word_1_129' title='bbox 881 1642 1044 1695; x_wconf 61' lang='lat' dir='ltr'>pecunia</span> <span class='ocrx_word' id='word_1_130' title='bbox 1062 1645 1239 1694; x_wconf 85' lang='lat' dir='ltr'>perbene.</span> 
     </span>
     <span class='ocr_line' id='line_1_26' title="bbox 120 1695 1240 1748; baseline 0 -14"><span class='ocrx_word' id='word_1_131' title='bbox 120 1697 236 1746; x_wconf 65' lang='lat' dir='ltr'>AWeg.</span> <span class='ocrx_word' id='word_1_132' title='bbox 265 1695 351 1743; x_wconf 80' lang='lat' dir='ltr'>Pol,</span> <span class='ocrx_word' id='word_1_133' title='bbox 371 1695 403 1733; x_wconf 86' lang='lat' dir='ltr'>si</span> <span class='ocrx_word' id='word_1_134' title='bbox 421 1702 477 1733; x_wconf 87' lang='lat' dir='ltr'>est</span> <span class='ocrx_word' id='word_1_135' title='bbox 491 1695 641 1734; x_wconf 88' lang='lat' dir='ltr'>animus</span> <span class='ocrx_word' id='word_1_136' title='bbox 657 1709 792 1748; x_wconf 86' lang='lat' dir='ltr'>aequus</span> <span class='ocrx_word' id='word_1_137' title='bbox 811 1696 897 1746; x_wconf 85' lang='lat' dir='ltr'>tibi,</span> <span class='ocrx_word' id='word_1_138' title='bbox 912 1697 1001 1736; x_wconf 86' lang='lat' dir='ltr'>satis</span> <span class='ocrx_word' id='word_1_139' title='bbox 1018 1697 1150 1744; x_wconf 63' lang='lat' dir='ltr'>haboe,</span> <span class='ocrx_word' id='word_1_140' title='bbox 1170 1697 1240 1748; x_wconf 76' lang='lat' dir='ltr'>qui</span> 
     </span>
     <span class='ocr_line' id='line_1_27' title="bbox 279 1749 1240 1788; baseline 0.002 -2"><span class='ocrx_word' id='word_1_141' title='bbox 279 1751 375 1787; x_wconf 90' lang='lat' dir='ltr'>bene</span> <span class='ocrx_word' id='word_1_142' title='bbox 393 1749 511 1787; x_wconf 87' lang='lat' dir='ltr'>vitam</span> <span class='ocrx_word' id='word_1_143' title='bbox 531 1749 643 1787; x_wconf 86' lang='lat' dir='ltr'>colas.</span> <span class='ocrx_word' id='word_1_144' title='bbox 1191 1751 1240 1788; x_wconf 89' lang='grc'>10</span> 
     </span>
     <span class='ocr_line' id='line_1_28' title="bbox 118 1802 1237 1853; baseline 0 -12"><span class='ocrx_word' id='word_1_145' title='bbox 118 1804 218 1841; x_wconf 83' lang='lat' dir='ltr'>Euc-</span> <span class='ocrx_word' id='word_1_146' title='bbox 254 1803 369 1840; x_wconf 87' lang='lat' dir='ltr'>Anus</span> <span class='ocrx_word' id='word_1_147' title='bbox 398 1802 568 1853; x_wconf 86' lang='lat' dir='ltr'>(hercle)</span> <span class='ocrx_word' id='word_1_148' title='bbox 597 1803 687 1842; x_wconf 86' lang='lat' dir='ltr'>huic</span> <span class='ocrx_word' id='word_1_149' title='bbox 713 1804 899 1844; x_wconf 88' lang='lat' dir='ltr'>indicium</span> <span class='ocrx_word' id='word_1_150' title='bbox 926 1804 1016 1844; x_wconf 81' lang='lat' dir='ltr'>feeit</span> <span class='ocrx_word' id='word_1_151' title='bbox 1041 1803 1089 1842; x_wconf 87' lang='lat' dir='ltr'>de</span> <span class='ocrx_word' id='word_1_152' title='bbox 1115 1816 1237 1842; x_wconf 86' lang='lat' dir='ltr'>auro:</span> 
     </span>
     <span class='ocr_line' id='line_1_29' title="bbox 279 1855 718 1907; baseline 0.007 -14"><span class='ocrx_word' id='word_1_153' title='bbox 279 1855 477 1906; x_wconf 85' lang='lat' dir='ltr'>perspicue</span> <span class='ocrx_word' id='word_1_154' title='bbox 494 1856 654 1907; x_wconf 84' lang='lat' dir='ltr'>palam’</span> <span class='ocrx_word' id='word_1_155' title='bbox 658 1866 718 1896; x_wconf 89' lang='lat' dir='ltr'>st.</span> 
     </span>
     <span class='ocr_line' id='line_1_30' title="bbox 112 1909 1239 2001; baseline 0.002 -53"><span class='ocrx_word' id='word_1_156' title='bbox 112 1909 219 1958; x_wconf 88' lang='lat' dir='ltr'>Quoi</span> <span class='ocrx_word' id='word_1_157' title='bbox 239 1909 599 2001; x_wconf 52' lang='lat' dir='ltr'>egglgamdlinguam</span> <span class='ocrx_word' id='word_1_158' title='bbox 615 1911 837 1963; x_wconf 75' lang='lat' dir='ltr'>praecidam,</span> <span class='ocrx_word' id='word_1_159' title='bbox 860 1919 982 1965; x_wconf 86' lang='lat' dir='ltr'>atque</span> <span class='ocrx_word' id='word_1_160' title='bbox 998 1911 1128 1952; x_wconf 89' lang='lat' dir='ltr'>oculos</span> <span class='ocrx_word' id='word_1_161' title='bbox 1148 1911 1239 1950; x_wconf 83' lang='lat' dir='ltr'>effo-</span> 
     </span>
     <span class='ocr_line' id='line_1_31' title="bbox 340 1975 522 2002; baseline -0.005 -1"><span class='ocrx_word' id='word_1_162' title='bbox 340 1975 383 2001; x_wconf 91' lang='lat' dir='ltr'>m</span> <span class='ocrx_word' id='word_1_163' title='bbox 427 1975 522 2002; x_wconf 76' lang='lat' dir='ltr'>omi.</span> 
     </span>
     <span class='ocr_line' id='line_1_32' title="bbox 116 2016 911 2070; baseline 0.005 -16"><span class='ocrx_word' id='word_1_164' title='bbox 116 2017 232 2067; x_wconf 84' lang='lat' dir='ltr'>Meg.</span> <span class='ocrx_word' id='word_1_165' title='bbox 261 2016 370 2065; x_wconf 84' lang='lat' dir='ltr'>Quid</span> <span class='ocrx_word' id='word_1_166' title='bbox 390 2023 432 2054; x_wconf 90' lang='lat' dir='ltr'>tu</span> <span class='ocrx_word' id='word_1_167' title='bbox 451 2016 554 2055; x_wconf 90' lang='lat' dir='ltr'>solus</span> <span class='ocrx_word' id='word_1_168' title='bbox 571 2024 699 2057; x_wconf 82' lang='lat' dir='ltr'>tecum</span> <span class='ocrx_word' id='word_1_169' title='bbox 717 2020 911 2070; x_wconf 84' lang='lat' dir='ltr'>loquere?</span> 
     </span>
     <span class='ocr_line' id='line_1_33' title="bbox 493 2072 1247 2124; baseline 0.004 -17"><span class='ocrx_word' id='word_1_170' title='bbox 493 2072 592 2108; x_wconf 79' lang='lat' dir='ltr'>Eue.</span> <span class='ocrx_word' id='word_1_171' title='bbox 622 2072 757 2111; x_wconf 69' lang='lat' dir='ltr'>Moem</span> <span class='ocrx_word' id='word_1_172' title='bbox 777 2073 1000 2124; x_wconf 84' lang='lat' dir='ltr'>pauperiem</span> <span class='ocrx_word' id='word_1_173' title='bbox 1019 2084 1247 2124; x_wconf 79' lang='lat' dir='ltr'>conqueror.</span> 
     </span>
    </p>
   </div>
  </div>
 </body>
</html>
