1412 2427
118 70 142 106 6
349 65 598 104 AMPHIT.
616 87 666 93 —
682 65 994 105 PROLOGUS·

122 175 376 224 Quantusque
394 179 538 210 amator
553 172 614 219 sit,
634 171 737 222 quod
756 169 1052 232 complacitum'
1055 176 1090 207 st
1105 169 1234 207 semel.

125 229 167 267 Is
186 239 312 265 amare
331 225 472 286 occepit
492 225 745 263 Alcumenam
764 224 863 262 clam
881 224 1020 272 virum,
1160 223 1233 265 107

127 281 372 330 Usuramque
390 280 471 328 ejus
489 277 651 338 corporis
670 277 768 328 cepit
786 278 872 325 sibi,

131 334 186 373 Et
205 332 400 383 gravidam
417 331 533 369 fecit
523 344 555 369 is
575 343 658 369 eam
676 343 890 381 comproesu
909 343 989 368 suo.

133 387 264 433 Nunc,
285 385 331 422 de
353 384 561 422 Alcumena
578 391 622 421 ut
639 396 720 421 rem
739 384 894 422 teneatis
912 383 1063 430 rectius,
1163 382 1238 419 110

133 438 338 488 Utrimque
357 444 411 475 est
429 437 597 488 gravida,
617 444 654 474 et
672 449 718 474 ex
735 436 829 482 viro,
849 445 885 474 et
903 449 951 474 ex
970 447 1120 474 summo
1130 435 1159 473 J
1161 447 1242 472 ove.

136 493 191 530 Et
209 504 315 528 meus
333 498 437 541 pater
457 502 557 527 nunc
577 490 679 527 intus
697 489 760 527 hic
779 502 866 527 cum
884 489 952 527 illa
971 491 1108 537 cubat:

136 545 191 584 Et
207 544 302 588 haec,
321 545 369 581 ob
388 555 472 581 eam
490 555 584 588 rem,
606 554 683 580 nox
702 548 758 579 est
775 541 873 580 facta
889 542 1052 592 longior,

137 597 247 635 Dum
266 597 346 641 ille,
367 596 532 646 quacum
552 595 645 641 volt,
665 595 897 646 voluptatem
917 595 1029 646 capit.

139 650 215 689 Sed
232 650 285 687 ita
303 648 537 687 assimulavit
555 661 607 695 se,
627 647 735 698 quasi
755 648 987 699 Amphitruo
1005 648 1085 686 siet.
1172 647 1245 684 115

141 703 272 750 Nunc,
293 715 339 739 ne
357 702 459 739 hunc
478 710 654 739 ornatum
674 713 739 739 vos
758 714 888 739 meum
907 700 1160 747 admiremini,

141 755 258 802 Quod
277 768 346 806 ego
363 755 438 792 huc
457 755 617 806 processi
635 754 688 792 sic
706 767 794 792 cum
814 754 936 792 servili
956 754 1123 800 schema,

143 809 329 898 Veteren}¹
351 816 465 859 atque
497 808 694 859 antiquam
725 820 806 845 rem
834 819 972 846 novam
1000 807 1048 845 ad
1070 820 1136 845 vos
1163 819 1250 857 pro-

325 874 451 899 eram:

146 916 350 966 Propterea
368 922 520 952 ornatus
538 913 578 951 in
597 925 739 951 novum
759 914 893 952 incessi
910 913 1082 952 modum.

148 969 253 1006 Nam
273 980 379 1005 meus
397 975 503 1018 pater
519 967 623 1005 intus
643 979 743 1005 nunc
762 975 829 1014 est,
850 979 995 1015 eccum,
1015 967 1194 1018 Jupiter:

147 1020 196 1058 In
215 1020 509 1071 Amphitruonis
528 1019 640 1057 vortit
657 1032 736 1058 sese
754 1020 960 1071 imaginem
975 1034 986 1065 ς
1183 1020 1249 1057 121

149 1074 369 1124 Omnesque
387 1086 475 1111 eum
494 1085 573 1111 esse
591 1081 742 1111 censent
759 1074 866 1116 servi,
885 1073 953 1124 qui
970 1072 1121 1111 vident:

151 1128 214 1166 Ita
233 1126 468 1175 versipellem
488 1139 525 1164 se
543 1126 645 1172 facit,
665 1125 818 1176 quando
835 1127 956 1164 lubet.

150 1181 238 1230 Ego
257 1180 351 1217 servi
369 1179 489 1217 sumsi
508 1178 622 1216 Sosiae
640 1178 736 1215 mihi
753 1179 975 1229 imaginem,

152 1233 232 1281 Qui
252 1245 340 1270 cum
351 1232 637 1283 Amphitruone
654 1231 748 1269 abiit
763 1231 853 1271 hinc
869 1232 911 1270 111
929 1232 1159 1271 exercitum:
1185 1233 1259 1272 125

153 1287 211 1324 Ut
228 1285 441 1336 praeservire
459 1284 602 1322 amanti
620 1297 706 1323 meo
723 1297 871 1335 possem
890 1285 989 1336 patri
1001 1299 1013 1323 ε

154 1340 287 1389 Atque
305 1346 348 1376 ut
364 1350 424 1385 ne,
445 1338 513 1389 qui
531 1350 664 1384 essem,
683 1337 886 1376 familiares
904 1346 1127 1389 quaererent,

156 1391 312 1430 versari
329 1393 456 1429 crebro
474 1391 538 1428 hic
556 1403 674 1441 quom
692 1390 861 1428 viderent
877 1403 941 1428 me
957 1390 1074 1428 domi.

157 1445 198 1483 N
201 1457 275 1482 unc
311 1457 429 1494 quom
465 1456 542 1481 esse
578 1442 729 1481 credent
763 1455 928 1493 servum,
966 1451 1003 1481 et
1037 1456 1263 1483 conservum

319 1509 432 1534 suum

159 1549 278 1589 Haud
308 1525 510 1601 quisquam
543 1557 700 1601 quaeret,
733 1550 799 1601 qui
836 1550 943 1598 siem,
982 1558 1049 1589 aut
1077 1551 1266 1642 (1111111νὲ-

318 1603 452 1641 nerim.
1242 1606 1266 1642 0

162 1657 276 1695 Pater
294 1668 395 1693 nunc
411 1656 513 1693 intus
531 1668 598 1693 suo
617 1656 744 1694 animo
760 1668 905 1694 morem
924 1657 1043 1708 gerit.
1032 1672 1043 1680 ·

162 1710 289 1747 Cubat
307 1709 543 1759 complexus,
564 1710 702 1759 quojus
720 1709 874 1760 cupiens
892 1723 1074 1750 maxume
1093 1712 1152 1750 '.st

163 1762 264 1809 Quae
282 1761 338 1799 1111
357 1762 405 1799 ad
423 1762 611 1812 legionem
629 1762 730 1800 facta
748 1769 850 1810 sunt,
869 1772 1055 1802 memorat
1071 1773 1177 1816 pater

165 1815 283 1853 Meus
301 1815 553 1853 Alcumenae·
584 1822 623 1852 at
640 1815 708 1853 illa
725 1815 837 1854 11111111
856 1824 981 1855 censet
997 1817 1123 1856 virum

164 1870 289 1907 Suum
317 1881 410 1915 esse,
439 1882 525 1919 quae
548 1880 634 1906 cum
664 1868 838 1907 moecho’
843 1876 888 1908 st.
944 1869 1007 1908 Ibi
1034 1882 1137 1910 nunc
1165 1884 1274 1909 meus

325 1931 432 1972 pater
1200 1926 1273 1962 135

166 1975 374 2022 Memorat,
393 1974 559 2025 legiones
576 1975 743 2013 hostium
762 1983 806 2012 ut
822 1975 1033 2027 fugaverit3

165 2028 257 2075 Quo
275 2036 384 2079 pacto
402 2029 449 2066 sit
465 2028 572 2067 donis
591 2028 751 2067 donatus
770 2028 956 2079 plurimis.

165 2082 226 2120 Ea
245 2081 357 2128 dona,
378 2095 464 2132 quae
482 2081 559 2120 illic
577 2081 856 2136 Amphitruoni
874 2091 963 2122 sunt
979 2083 1081 2132 data,

165 2134 432 2173 Abstulimus:
465 2135 571 2176 facile
589 2148 701 2174 meus
715 2143 833 2185 pater,
856 2137 957 2186 quod
977 2136 1069 2184 volt,
1090 2137 1190 2174 facit.
