1412 2427
398 52 757 92 AULULARIA.
788 52 863 91 1v.
898 54 960 93 10.
1156 55 1227 94 151

125 157 221 206 Lyc.
248 154 420 207 Surripio
439 170 509 208 ego
527 165 639 197 tuum
656 160 674 196 ?
703 157 805 196 unde
821 161 839 197 ,⁹
866 166 934 197 aut
952 160 1045 211 quid
1062 160 1102 199 id
1120 169 1174 200 est
1188 164 1207 199 Ρ

553 214 653 250 Euc-
688 212 750 250 Ita
767 219 804 250 te
821 212 965 251 amabit
983 214 1151 264 Jupiter,
1180 215 1229 252 31

125 261 181 300 Ut
199 268 243 299 tu
261 262 408 301 nescis?

361 317 458 366 Lyc.
490 316 579 355 Nisi
597 316 752 368 quidem
771 324 814 355 tu
831 317 942 368 mihi,
962 319 1055 371 quid
1073 333 1232 371 quaems,

470 369 622 408 dixeris.

123 423 223 462 Eue.
261 421 406 461 Aulam
436 424 518 461 auri
548 423 746 476 (inquam)
775 432 812 462 te
840 437 1006 476 reposco,
1042 439 1160 478 quam
1190 436 1233 466 tu

281 477 470 515 confessus
488 477 586 516 mihi

126 528 186 568 Te
204 529 417 568 abstulisse.

282 585 379 633 Lyc.
408 584 546 636 Neque
560 583 728 637 (edepol)
747 597 819 637 ego
836 584 932 633 dixi,
952 596 1076 636 neque
1094 585 1178 625 feci.

941 640 1042 677 Eue.
1070 639 1201 691 Negas
1216 639 1235 677 ἰ’

122 690 222 740 Lyc.
250 690 424 743 Pernego
449 691 594 730 immo:
623 703 716 730 nam
741 704 868 744 neque
889 704 960 744 ego
987 705 1142 741 aurum,
1171 705 1239 732 ne-

281 757 372 796 que,
392 745 494 784 iswe
512 745 601 784 aula
619 758 706 797 quae
723 745 807 794 siet,
1181 747 1234 785 35

121 796 223 846 Scio,
244 809 313 836 nec
330 798 432 838 novi.

438 854 539 891 Eue.
576 852 708 900 Illam,
737 865 787 891 ex
816 852 962 892 Silvani
994 852 1081 893 lueo
1112 866 1230 905 quam

549 906 770 954 abstuleras,
789 906 892 946 cedo·

121 957 159 1004 1,
179 957 300 996 refer:
329 957 528 997 dimidiam
547 967 673 998 tecum
690 959 816 1011 potius
833 967 982 1011 partem
1000 959 1182 999 dividam.

120 1011 295 1050 Tametsi
312 1011 375 1050 fur
392 1012 489 1051 mihi
508 1026 561 1063 ω,
580 1012 761 1052 molestus
778 1025 855 1052 non
873 1026 949 1053 ero.
990 1014 1012 1052 1
1031 1027 1143 1062 vero;
1171 1027 1232 1054 re-

280 1065 349 1103 fer.

122 1119 220 1168 Lyc.
251 1119 375 1158 Sanus
393 1126 436 1157 tu
455 1131 531 1159 non
551 1132 604 1168 es,
625 1120 693 1171 qui
710 1119 835 1159 furem
852 1132 916 1159 me
932 1132 1052 1160 νοσῶ.
1079 1121 1167 1172 Ego
1181 1128 1232 1171 te,

282 1172 435 1218 Euclio,

122 1225 184 1263 De
201 1225 276 1263 alia
292 1238 332 1263 re
349 1226 539 1264 rescivisse
557 1227 699 1274 censui,
719 1227 822 1279 quod
840 1227 889 1266 ad
905 1239 970 1266 me
988 1227 1133 1265 attinet.
1180 1228 1234 1267 40

121 1278 271 1330 Magna
289 1286 345 1317 est
362 1292 434 1326 τῶ,
450 1293 567 1331 quam
587 1292 658 1331 ego
675 1288 802 1320 tecum
819 1280 952 1330 otiose,
971 1280 1003 1320 si
1021 1280 1143 1319 otium
1162 1289 1232 1331 ωε,

283 1333 395 1384 cupio
413 1332 531 1384 loqui.

123 1387 221 1424 Eue.
250 1385 326 1425 Dic
344 1387 444 1425 bona
463 1386 561 1425 fide:
591 1394 634 1425 tu
650 1387 691 1425 id
708 1400 847 1427 aurum
865 1399 943 1426 non
961 1387 1174 1440 surripuisti
1187 1391 1206 1427 ,⁹

976 1442 1075 1492 Lyc.
1102 1441 1230 1481 Bona.

122 1494 224 1532 Eue.
252 1493 391 1546 Neque
409 1493 493 1542 scis,
513 1493 600 1546 quis
618 1494 815 1534 abstulerit
827 1497 846 1534 ?

443 1549 542 1599 Lyc.
569 1548 676 1587 Istuc
694 1561 847 1600 quoque
864 1547 978 1587 bona.

721 1605 823 1642 Eue.
851 1603 995 1654 Atque,
1014 1602 1054 1641 id
1073 1602 1104 1642 si
1124 1603 1231 1652 scies,

121 1653 204 1702 Qui
221 1654 431 1704 abstulerit,
450 1655 547 1694 mihi
565 1655 748 1695 indicabis
761 1655 780 1693 ⁹?

603 1712 701 1760 Lyc.
731 1709 901 1748 Faciam.

709 1766 809 1801 Eue.
840 1764 978 1815 Neque
995 1772 1143 1815 partem
1163 1764 1233 1803 tibi

122 1814 190 1853 Ab
218 1827 276 1863 eo,
303 1815 438 1867 quiqui
466 1823 536 1865 ext,
561 1817 650 1856 inde
677 1829 832 1869 posces:
863 1829 986 1869 neque
1015 1818 1139 1857 furem
1167 1831 1235 1856 ex-

286 1869 428 1919 cipies?

444 1925 540 1972 Lyc.
571 1924 644 1963 Ita.
1182 1925 1233 1962 45

127 1977 228 2014 Eue.
257 1975 366 2023 Quid
385 1975 417 2013 si
433 1976 532 2016 fallis
543 1977 562 2014 ’ἓ

178 2031 275 2079 Lye.
306 2029 413 2067 Tum
431 2042 494 2069 me
506 2031 631 2078 faciat,
652 2033 755 2085 quod
773 2034 866 2081 volt,
887 2044 1050 2084 magnus
1064 2031 1234 2082 Jupiter.

126 2084 230 2122 Eue.
252 2083 321 2123 Sat
337 2082 470 2123 habeo.
512 2087 594 2137 Age
611 2098 727 2134 nunc,
747 2087 902 2139 loquere
920 2086 1014 2137 quid
1033 2085 1099 2122 vis.

671 2142 767 2190 Lyc.
793 2141 837 2180 si
855 2154 917 2180 me
934 2138 1071 2178 novisti
1089 2137 1233 2182 minus,
