1412 2427
459 57 789 97 CAPTEIVEI.
819 59 877 97 ΙΙ.
905 60 945 97 3.
1179 59 1257 98 239

145 164 279 213 Quom
297 164 515 204 servitutem
532 165 587 203 ita
603 164 693 213 fers,
713 172 757 203 ut
774 165 860 204 ferri
880 165 995 204 decet.
1208 166 1257 203 12

145 220 324 271 Sequere.
364 219 470 258 Hem
489 218 558 257 tibi
575 217 784 257 hominem.

683 274 808 322 Tynd.
840 272 1013 311 Gratiam
1031 271 1152 310 habeo
1171 272 1255 322 tibi,

143 326 276 373 Quom
294 326 441 378 copiam
458 326 571 364 istam
589 332 646 364 mi
666 334 702 364 et
719 334 944 377 potestatem
962 326 1066 374 facis,

141 380 198 418 Ut
216 392 285 431 ego
302 380 351 418 ad
369 379 554 431 parenteis
570 379 674 418 hunc
691 380 881 418 remittam
900 380 1094 425 nuntium,
1207 380 1255 416 15

141 433 225 480 Qui
242 446 318 480 me,
338 433 433 485 quid
449 446 577 471 rerum
594 433 659 471 hic
676 433 830 483 agitem,
852 440 888 471 et
904 433 998 484 quid
1016 433 1096 470 fieri
1114 433 1242 481 velim,

142 486 252 524 Patri
269 499 355 525 meo
373 486 503 525 ordine
519 499 672 524 omnem
691 499 771 524 rem
789 487 881 524 illuc
898 487 1072 538 perferat.

141 539 261 578 Nunc
278 540 332 578 ita
350 540 523 579 convenit
539 539 637 578 inter
654 552 718 577 me
735 547 850 591 atque
865 539 982 588 hunc,
1005 539 1199 590 Tyndare,

140 593 199 631 Ut
216 601 254 631 te
273 600 517 632 aestumatum
534 593 574 630 in
592 593 752 631 Alidem
770 593 921 632 mittam
939 594 989 631 ad
1006 602 1180 643 patrem3

140 646 218 693 Ac,
238 647 270 685 si
287 659 364 685 non
382 647 521 686 rebitas
538 646 628 694 huc,
647 653 692 684 ut
710 646 846 698 viginti
861 647 986 686 minas
1201 648 1253 685 20

140 698 245 738 Dem
263 712 333 750 pro
350 707 400 739 te.

410 755 565 793 Philoc.
598 754 716 792 Recte
731 753 947 793 convenisse
963 754 1095 793 sentio.

141 805 248 845 Nam
267 814 376 858 pater
392 814 584 859 exspectat
601 814 668 845 aut
688 819 766 855 me,
785 815 853 846 aut
869 808 1038 859 aliquem
1055 807 1251 856 nuntium,

141 860 226 909 Qui
241 860 332 900 hinc
349 861 397 900 ad
416 874 454 900 se
475 861 612 900 veniat.

487 916 615 964 Tynd.
644 914 750 965 Ergo
767 915 940 953 animum
958 914 1131 953 advortas
1149 914 1248 963 volo,

142 966 244 1015 Quae
262 968 436 1006 nuntiare
452 967 544 1006 hinc
562 975 599 1006 te
617 969 703 1006 volo
721 968 761 1005 in
776 969 939 1019 patriam
957 969 1007 1006 ad
1019 976 1178 1020 patrem.

141 1022 296 1059 Philoe.
327 1022 574 1070 Philocrates,
603 1029 647 1060 ut
672 1021 795 1060 adhuc
815 1023 984 1061 locorum
1008 1022 1094 1070 feci,
1114 1021 1251 1060 faciam

301 1075 446 1123 sedulo,
1197 1077 1250 1112 25

137 1129 195 1168 Ut
212 1128 484 1180 potissumum,
504 1128 608 1180 quod
625 1129 665 1166 in
683 1141 764 1166 rem
783 1136 881 1167 recte
899 1128 1083 1168 conducat
1100 1136 1225 1175 tuam,

139 1183 190 1221 Id
221 1191 363 1234 petam,
394 1182 434 1220 id
464 1195 741 1233 persequarque
774 1183 884 1221 corde
912 1190 949 1221 et
977 1183 1105 1221 animo
1136 1190 1252 1233 atque

297 1236 450 1274 viribus.

145 1292 270 1341 Tynd.
299 1290 410 1328 Facis
438 1289 505 1337 ita,
534 1297 579 1327 ut
611 1297 648 1328 te
676 1290 798 1329 facere
824 1297 983 1342 oportet.
1022 1291 1142 1329 Nunc
1168 1289 1250 1327 ani-

294 1356 405 1382 mum
424 1342 598 1382 advortas
617 1344 712 1382 volo.

135 1398 329 1438 Omnium
347 1397 516 1448 primum
535 1397 696 1435 salutem
714 1397 827 1436 dicito
844 1396 958 1435 matri
976 1404 1012 1434 et
1029 1397 1141 1448 patri,

134 1452 191 1491 Et
210 1452 392 1503 cognatiS‚
412 1458 449 1488 et
467 1451 499 1488 si
517 1463 632 1501 quem
652 1451 772 1489 alium
788 1451 1072 1489 benevolentem
1091 1451 1248 1490 videris:

136 1505 209 1545 Me
226 1506 291 1544 hic
308 1505 445 1552 valere,
466 1511 503 1541 et
521 1504 737 1542 servitutem
756 1504 892 1543 servire
909 1504 998 1542 huic
1015 1504 1163 1542 homini
1182 1517 1251 1556 op-

297 1566 420 1605 tumo,
1196 1560 1245 1597 31

137 1613 220 1661 Qui
237 1626 301 1652 me
318 1612 460 1650 honore
477 1611 730 1650 honestiorem
748 1624 896 1662 semper
913 1611 1014 1657 fecit,
1036 1618 1074 1649 et
1091 1611 1193 1649 facit.

137 1668 291 1706 Philoe.
319 1667 426 1704 Istuc
443 1677 492 1703 ne
509 1666 728 1717 praecipias:
760 1665 869 1704 facile
887 1665 1073 1703 memoria
1090 1665 1249 1704 memini

292 1726 434 1758 tamen·

142 1775 270 1824 Tynd.
300 1774 406 1812 Nam
419 1772 590 1824 quidem,
610 1773 683 1810 nisi
701 1772 805 1824 quod
829 1772 1023 1811 custodem
1045 1771 1181 1821 habeo,
1200 1773 1248 1810 li-

296 1828 430 1864 berum
447 1839 511 1864 me
529 1839 607 1864 ffise
624 1827 797 1865 arbitror.

134 1879 265 1920 Dicito
278 1879 390 1932 patri,
411 1892 488 1931 quo
504 1886 616 1930 pacto
632 1879 730 1918 mihi
747 1892 835 1919 cum
854 1880 926 1919 hoc
943 1879 1158 1919 convenerit
1193 1881 1245 1917 35

133 1933 198 1973 De
215 1934 332 1983 hujus
348 1933 441 1971 filio.

253 1988 405 2026 Philoc.
434 1985 536 2034 Quae
553 1986 724 2036 memini,
743 1999 850 2026 mora
867 2000 972 2026 mera
985 1988 1034 2025 ’st
1049 1987 1248 2025 monerier.

137 2042 263 2091 Tynd.
293 2041 349 2080 Ut
376 2053 465 2078 eum
493 2040 668 2089 redimat,
697 2050 734 2079 et
760 2041 941 2088 remittat,
971 2044 1140 2080 nostram
1170 2040 1245 2078 huc

289 2095 491 2133 amborum
509 2093 640 2134 vicem.

130 2149 282 2187 Philae.
311 2148 543 2186 meminero.
