1412 2427
160 72 240 111 334
438 72 999 113 CISTELLARIA.11.3.

162 178 236 217 Vir
255 187 344 217 tuus
363 181 393 218 si
412 180 548 227 veniet,
564 181 658 230 jube
674 180 778 220 domi
795 180 1013 231 opperirier,
1218 180 1270 217 48

163 233 227 271 Ne
245 234 284 270 in
304 234 511 283 quaestione
528 233 624 272 mihi
643 234 704 282 sit,
725 234 755 272 si
774 234 868 285 quid
886 247 975 272 eum
990 234 1119 273 velim.

165 285 251 337 Ego
270 286 318 324 ad
337 299 454 325 anum
473 299 622 325 recurro
640 300 803 325 rursum.

619 342 749 379 Plum.
777 339 1003 392 Lampadio,
1022 342 1189 389 obsecro,
1218 340 1271 377 50

168 394 281 432 Cura.

290 448 402 486 Lam..
431 447 646 486 Perfectum
666 460 735 498 ego
752 447 824 485 hoc
842 447 940 486 dabo
957 447 1166 498 negotium.

168 502 293 538 ΡΙιαη.
327 500 430 539 Deos
449 508 560 552 teque
579 513 700 552 spero.

328 555 441 592 Lam.
469 554 635 592 Eosdem
655 566 739 604 ego,
758 555 815 592 uti
833 554 972 592 habeas
990 552 1149 591 domum
1167 580 1179 591 .
1200 581 1210 591 .
1229 580 1240 591 .
1261 579 1273 590 .

165 609 266 646 Mcl.
299 607 546 656 Adolescens,
568 607 688 653 adsta,
708 615 822 658 atque
840 607 941 645 audi.

672 662 787 699 Lam.
816 661 943 708 Men'‚
963 659 1115 708 mulier,
1135 658 1274 699 vocas?

167 716 267 752 Mel.
296 714 368 752 Te.

340 769 456 806 Lam.
486 766 593 811 Quid
611 767 739 818 negoti
753 766 828 805 'sti’
857 780 948 806 nam
967 773 1170 818 occupatus
1188 778 1275 804 sum

460 821 648 880 ampliter.

169 877 270 913 Mel.
300 875 399 923 Quis
418 874 502 912 istic
521 874 693 912 habitat.
683 876 701 902 ⁹

507 928 624 965 Lam.
653 927 864 978 Demipho
883 927 1060 965 dominus
1076 939 1198 965 meus.
1225 928 1276 964 55

171 946 268 1020 Mel
300 983 453 1032 Nempe
470 980 553 1018 istic
572 987 642 1027 ost,
664 981 731 1031 qui
749 981 1033 1019 Alcesimarcho
1052 980 1172 1018 filiam

169 1038 287 1074 Suam
307 1033 535 1085 doepondit
525 1046 565 1071 in
579 1033 729 1072 divitias
746 1047 950 1073 maxumas
962 1034 981 1071 ’ἓ

171 1091 284 1126 Lam.
314 1090 352 1127 Is
371 1088 475 1139 ipsus
493 1095 560 1125 est.

473 1142 574 1178 Mel.
600 1141 688 1179 Eho
707 1149 748 1178 tu
765 1140 774 1178 !
805 1154 923 1193 quam
943 1154 1009 1180 vos
1026 1140 1142 1192 igitur
1159 1140 1280 1179 filiam

170 1195 211 1233 N
214 1207 289 1232 unc
307 1194 513 1245 quaeritatis
531 1195 686 1232 alteram
702 1197 719 1232 Ρ

696 1249 811 1286 Lam.
839 1247 926 1299 Ego
944 1248 1068 1286 dicam
1087 1247 1172 1297 tibi,

172 1301 264 1339 Non
286 1314 333 1339 ex
352 1314 471 1339 uxore
489 1310 619 1339 natam
638 1301 769 1340 uxoris
787 1301 920 1342 filiam.
1230 1302 1282 1341 60

171 1356 272 1393 Mel.
302 1355 410 1403 Quid
427 1355 524 1393 istuc
542 1363 598 1393 est
615 1354 748 1393 verbi?

731 1409 846 1446 Lam.
873 1409 938 1446 Ex
955 1407 1080 1459 priore
1097 1407 1256 1447 muliere

171 1462 289 1509 Nata,
311 1461 486 1513 inquam,
506 1475 592 1501 meo
609 1462 700 1500 hero
717 1461 797 1500 filia
814 1469 882 1500 aet.

878 1518 981 1554 Mel.
1010 1515 1122 1554 Certe
1139 1515 1254 1554 modo

172 1568 318 1618 Hujus,
334 1582 421 1619 quae
438 1570 566 1608 locuta
584 1576 653 1614 eet,
672 1581 838 1620 quaerere
856 1569 981 1608 aiebas
999 1569 1132 1608 filiam.

173 1624 288 1661 Lam.
317 1622 450 1672 Hujus
469 1635 538 1674 ego
556 1634 699 1673 quaero.

591 1676 690 1713 Mel.
721 1674 813 1721 Quo
831 1675 945 1714 modo
963 1675 1095 1726 igitur,
1114 1676 1281 1724 obsecro,

172 1729 270 1767 Haec
289 1735 344 1767 est
361 1729 478 1780 prior,
499 1741 587 1779 quae
608 1734 731 1779 nupta
751 1740 853 1767 nunc
872 1737 927 1767 est
943 1731 961 1768 ?

888 1784 1004 1820 Lam.
1032 1782 1205 1821 Conteris
1232 1783 1285 1820 65

175 1835 241 1873 Tu
260 1835 328 1873 tua
345 1848 409 1873 me
427 1834 608 1881 oratione,
627 1833 778 1883 mulier,
799 1835 971 1887 quisquis
990 1849 1040 1875 es.

175 1889 471 1926 medioxumam
490 1900 608 1939 quam
626 1887 738 1926 duxit
755 1901 928 1937 uxorem,
950 1902 997 1928 ex
1017 1889 1062 1928 ea

176 1942 281 1980 Nata
300 1949 355 1979 est
371 1941 452 1979 haec
470 1941 590 1992 virgo,
609 1941 894 1980 Alcesimarcho
913 1956 999 1994 quae
1015 1942 1142 1981 datur.

176 1996 238 2034 Ea
256 2007 353 2033 uxor
370 1994 472 2033 diem
491 1995 597 2033 obiit.
646 1995 741 2033 Jam
763 1996 861 2033 scis?

792 2051 893 2087 Mel.
922 2049 1054 2088 Teneo
1070 2049 1168 2088 istuc
1185 2049 1287 2088 satis.

178 2101 254 2140 Sed
274 2114 345 2153 ego
362 2100 460 2140 illud
478 2113 608 2154 quaero
625 2101 902 2154 confragosum,
923 2116 1000 2154 quo
1017 2103 1131 2141 modo
1239 2104 1291 2147 70
