1412 2427
180 38 229 74 84
510 39 809 79 ASINARIA.
836 39 895 78 ΙΙ.
923 43 960 78 2.

187 142 382 190 Quoniam
404 144 468 183 ine
485 145 652 184 elocutus
670 145 750 184 haec
769 145 820 184 sic
835 172 970 183 .....

566 200 705 236 Liban.
734 198 841 246 Quid
859 199 969 236 tum⁹

607 253 722 289 Leon.
753 251 945 290 Ausculta
963 264 1074 302 ergo;
1103 251 1206 290 scies.
1235 252 1286 287 83

183 300 390 353 Extemplo
411 304 507 342 facio
531 304 693 343 facetum
721 316 798 352 me,
824 312 939 356 atque
962 305 1208 356 magnificum
1234 303 1292 342 vi-

340 368 450 394 rum·
439 386 451 403 ‚

182 406 282 445 Dico
299 409 387 446 med
405 423 483 449 esse
500 411 712 448 atriensem.
759 410 820 449 Sic
838 410 909 449 hoc
928 409 1117 461 respondit
1136 410 1256 448 mihi:

181 460 268 511 Ego
289 462 392 512 (pol)
413 464 592 502 Sauream
613 475 688 500 non
716 463 819 511 novi,
841 476 979 515 neque,
1003 476 1082 514 qua
1108 463 1202 501 facie
1222 464 1285 512 sit,

339 515 439 553 scio:
1233 517 1285 554 86

184 567 244 606 Te
271 579 346 605 non
375 580 529 620 aequum
549 565 597 606 'st
623 581 847 607 succensere.
892 568 934 607 Si
960 568 1095 607 herum
1124 569 1180 607 vis
1207 569 1287 608 De-

341 633 562 682 maenetum,

188 673 315 718 Quem
351 688 420 725 ego
447 675 549 722 novi,
579 674 748 713 adduce·
788 682 985 726 argentum
1014 687 1089 714 non
1117 677 1292 714 morabor

344 728 437 777 quin
457 727 564 765 feras.

182 779 269 831 Ego
295 792 357 818 me
383 780 552 818 dixeram
583 780 850 829 adducturum,
880 789 917 819 et
943 794 1005 819 me
1032 781 1136 820 domi
1152 789 1288 832 praesto

342 833 434 871 fore.

183 887 284 925 Ille·
275 899 314 924 m
333 886 527 924 balineas
517 897 618 925 ituru
622 888 695 932 ';st
724 888 812 926 inde
830 887 904 926 huc
923 888 1045 926 veniet
1062 895 1202 939 postea.

187 939 295 987 Quid
315 951 416 977 nunc
435 940 566 978 consili
586 941 816 992 captandum
836 944 994 980 censes?
1024 941 1096 979 dic.

673 995 810 1031 Liban.
843 995 976 1032 Hem.
968 995 976 1021 θ
1007 994 1104 1032 istuc
1122 1007 1207 1045 ago,
1237 995 1284 1033 91

183 1045 389 1094 Quomodo
407 1054 605 1096 argentum
630 1046 888 1094 intervortam,
914 1055 951 1085 et
971 1047 1228 1095 adventorem,
1255 1054 1291 1085 et

341 1099 533 1136 Sauream.

183 1152 279 1190 Jam
301 1151 371 1189 hoc
393 1164 489 1201 opus
514 1160 571 1190 est
594 1153 847 1191 exasciatum:
878 1165 983 1202 nam,
1010 1153 1041 1191 si
1068 1153 1133 1192 ine
1159 1165 1292 1204 argen-

344 1212 428 1241 tum
447 1205 550 1255 prius

184 1257 336 1307 Hospes
354 1257 429 1295 huc
447 1258 568 1305 affert,
588 1259 765 1297 continuo
784 1271 851 1297 nos
864 1262 977 1298 ambo
991 1261 1135 1298 exclusi
1149 1271 1292 1299 sumus.

184 1311 291 1348 Nam
317 1323 379 1348 me
412 1310 523 1350 hodie
552 1325 664 1350 senex
695 1313 844 1350 seduxit
873 1314 1011 1361 solum,
1048 1326 1214 1352 seorsum
1244 1314 1292 1350 ab

344 1363 486 1402 aedibus
503 1379 513 1402 ε
1234 1367 1286 1404 95

185 1416 290 1454 Mihi
308 1416 452 1467 tibique
471 1417 778 1467 interminatu'st‚
798 1431 867 1457 nos
885 1419 1032 1458 futuros
1050 1420 1210 1464 ulmeos,

183 1469 240 1507 Ni
258 1469 370 1507 hodie
387 1471 608 1521 Argyrippo
627 1472 760 1522 viginti
778 1480 901 1510 essent
919 1473 1064 1522 argenti
1082 1473 1211 1510 minae.

183 1522 213 1560 J
215 1523 308 1560 ussit
326 1522 386 1560 vel
404 1534 471 1560 nos
489 1524 700 1571 atriensem,
721 1526 780 1563 vel
799 1537 866 1562 nos
884 1537 1044 1563 uxorem
1063 1538 1185 1571 suam,

186 1574 447 1613 Defraudare:
477 1576 576 1614 dixit
594 1589 671 1615 sese
688 1590 841 1628 operam
860 1578 1081 1627 promissam
1101 1579 1202 1616 dare.

184 1628 303 1667 Nunc
328 1635 370 1666 tu
400 1629 462 1666 abi
484 1629 532 1666 ad
557 1630 682 1668 forum
705 1631 754 1668 ad
774 1630 924 1678 herum,
952 1638 989 1669 et
1009 1643 1132 1678 narra,
1151 1631 1233 1669 haec
1250 1637 1294 1668 ut

344 1694 413 1719 nos
432 1682 550 1720 acturi
569 1696 723 1721 sumus:
1217 1684 1294 1722 100

188 1734 248 1773 Te
266 1747 314 1773 ex
334 1735 505 1772 Leonida
523 1736 697 1774 futurum
716 1749 796 1775 esse
815 1737 1014 1775 atriensem
1033 1738 1229 1784 Sauream,

187 1787 297 1825 Dum
316 1795 514 1838 argentum
533 1789 662 1827 afferat
680 1798 862 1828 mercator
879 1803 947 1841 pro
966 1791 1090 1829 asinis.

760 1844 877 1881 Leon.
908 1843 1077 1892 Faciam,
1096 1843 1155 1882 uti
1168 1845 1292 1893 jubes-

187 1894 328 1932 Liban.
365 1893 453 1945 Ego
481 1895 591 1933 iflum
621 1897 761 1935 interea
791 1896 855 1934 hic
890 1896 1097 1946 oblectabo,
1129 1897 1235 1948 prius
1264 1895 1295 1933 si

347 1947 443 1986 forte
461 1948 665 1987 advenerit.

192 2002 312 2040 Leon.
343 2000 448 2044 Quid
465 2001 542 2040 ais.
534 2005 550 2030 9

350 2056 400 2092 Li
410 2057 492 2092 ban.
521 2055 628 2103 Quid
648 2056 703 2094 vis
715 2057 733 2093 ?

450 2110 570 2147 Leon.
600 2110 739 2159 Pugno
758 2112 900 2150 malam
921 2111 952 2150 si
972 2111 1041 2149 tibi
1062 2121 1294 2161 percussero,
