1412 2427
122 46 173 81 :52
405 46 779 86 AMPHITRUO.
811 47 869 86 ΙΙ.
899 51 935 85 2.

127 152 210 188 803.
240 150 377 198 Quid?
393 164 454 190 me
473 164 547 190 non
567 165 645 191 rere
663 161 921 205 exspectatum
941 156 1072 193 amicae
1102 164 1237 194 ventu-

286 217 372 242 rum
390 218 485 243 meae
501 208 518 244 ?
1182 212 1233 254 27

131 258 213 293 Alc.
243 257 359 295 Meus
379 259 435 296 vir
451 259 514 297 hic
531 260 685 311 quidem
706 262 762 299 'st-

391 313 529 362 Amph
559 314 724 364 Sequere
741 314 813 351 hac
833 321 874 351 tu
895 326 970 352 me

590 370 624 404 A
629 369 674 404 lc
704 368 807 405 Nam
827 367 921 418 quid
939 368 1003 406 ille
1021 369 1234 418 revortitur,

128 417 208 463 Qui
227 417 374 455 dudum
393 430 591 508 pgoperare
609 433 687 459 sese
709 421 841 458 aibat?
869 433 917 458 an
940 420 1004 459 ille
1028 434 1090 460 me
1117 430 1236 460 tentat

290 471 407 510 sciens
1181 478 1235 514 29

125 525 272 574 Atque,
285 524 325 561 id
337 525 368 562 si
380 526 458 563 volt
472 527 646 577 experiri,
663 540 776 566 suum
795 526 942 564 abitum
957 534 1001 564 ut
1011 527 1235 575 desiderem,

125 577 297 624 Ecastor,
317 578 406 615 med
424 579 527 617 haud
546 580 666 618 invita
684 593 723 618 se
740 580 899 618 domum
916 579 1047 631 recipit
1065 594 1190 618 suam.

127 632 209 667 Sos.
236 631 489 682 Amphitruo,
510 633 629 671 redire
647 633 695 671 ad
714 645 850 672 navem
868 633 1038 671 meliu'st
1055 646 1137 672 nos.

799 687 943 736 Amph.
973 687 1063 734 Qua
1081 689 1203 737 gratia
1219 691 1236 726 ἓ

129 739 212 775 Sos.
243 737 348 784 Quia
365 737 469 776 domi
488 739 644 779 daturus
663 753 775 779 nemo
796 741 841 778 ’st
859 739 1064 790 prandium
1084 741 1237 779 adveni.

289 791 449 829 entibus.

131 844 276 892 Amph.
309 844 391 891 Qui
408 844 475 883 tibi
494 844 591 884 istuc
609 847 648 883 in
668 854 835 884 mentem
855 846 984 885 venit?

133 950 213 987 Am
241 949 278 986 h.
349 952 388 987 ui
407 953 424 988 Ρ

208 949 430 1050 {wazuh
445 1004 704 1044 Alcumenam
718 1014 805 1044 ante
823 1006 935 1044 aedeis
954 1014 1052 1045 stare
1071 1015 1238 1045 saturam

548 900 633 936 Sos.
662 899 766 946 Quia
785 900 886 938 enim
906 912 988 938 sero
1007 899 1244 940 advenimus.

399 1057 583 1107 intelligo.
1187 1063 1240 1098 35

131 1110 275 1159 Amph.
307 1109 515 1147 Gravidam
537 1123 606 1161 ego
624 1111 739 1149 illanc
757 1112 821 1149 hic
839 1111 989 1162 reliqui,
1005 1125 1123 1163 quom
1138 1115 1243 1152 abeo.

737 1167 816 1203 Sos.
848 1164 952 1203 Hei.
943 1165 952 1191 '
983 1166 1077 1217 perii
1091 1166 1236 1209 miser.
1226 1167 1235 1192 ⁹

131 1216 273 1266 Amph.
304 1215 411 1263 Quid
431 1217 500 1254 tibi
519 1224 575 1255 est
590 1219 607 1256 Ρ

385 1272 468 1308 803.
488 1270 556 1308 Ad
569 1284 707 1322 aquam
721 1271 977 1323 praebendam,
997 1273 1241 1312 commodum

450 1323 584 1361 adveni
603 1325 776 1385 domum,

128 1375 304 1414 Decumo
320 1383 407 1426 post
423 1388 566 1424 mense,
587 1385 629 1414 ut
649 1378 832 1416 rationem
851 1386 888 1416 te
906 1378 1046 1416 dictare
1058 1378 1245 1430 intelligo.

130 1429 276 1479 Amph.
301 1430 412 1467 Bono
431 1429 559 1467 animo
578 1443 628 1468 es.

488 1484 571 1520 803.
599 1483 674 1521 Sci'
677 1483 716 1520 n’
736 1496 854 1535 quam
872 1485 972 1522 bono
989 1484 1118 1522 animo
1136 1485 1241 1523 sim?

610 1537 652 1575 Si
670 1537 824 1574 situlam
843 1550 989 1588 cepero,

657 1590 845 1598 ιιιιι

131 1588 345 1639 Nunquam
364 1587 533 1641 (edepol)
553 1595 596 1626 tu
613 1589 710 1628 1111111
728 1590 848 1631 ,divim
860 1590 1097 1678 quidquam
1097 1591 1242 1631 creduis

291 1648 377 1691 post
395 1641 498 1680 hunc
515 1642 631 1691 diem,
717 1656 744 1671 '³
960 1662 972 1675 ·
998 1676 999 1679 ,
1101 1648 1123 1665 s
1188 1647 1254 1683 40
1275 1663 1298 1683 »-,

133 1693 189 1732 Ni
207 1706 276 1745 ego
293 1694 351 1732 illi
368 1701 497 1745 puteo,
517 1695 548 1733 si
566 1709 733 1748 occepso,
759 1696 928 1736 animam
947 1708 1100 1736 omnem
1124 1698 1240 1737 inter-
1263 1734 1265 1737 .

134 1801 171 1838 A
177 1801 280 1851 mplz
293 1754 470 1852 Ἑξῗζε
486 1802 559 1840 hac
576 1816 639 1842 me
655 1803 793 1843 modo:
815 1803 935 1842 alium
947 1816 1017 1855 ego
1035 1804 1097 1843 isti
1114 1805 1169 1843 rei
1186 1805 1243 1843 al-

289 1854 451 1906 legabo3
479 1867 527 1894 ne
553 1856 657 1895 time.

132 1909 213 1945 Alc.
244 1907 375 1958 Magis
392 1920 495 1946 nunc
512 1921 641 1948 meum
660 1910 827 1949 officium
845 1911 981 1959 facere,
1001 1911 1032 1949 si
1049 1912 1139 1950 huic
1157 1925 1242 1950 eam

295 1961 510 2011 advorsum,
532 1964 705 2002 arbitror.

134 2016 278 2065 mpla.
306 2015 543 2067 Amphitruo
567 2030 725 2056 uxorem
750 2018 889 2056 salutat
911 2019 1020 2057 laetus
1052 2027 1242 2071 speratam

293 2081 416 2116 suam,

132 2100 211 2171 Qu.
212 2135 263 2160 uu
284 2123 456 2213 0113110111
476 2123 620 2164 Thebis
639 2125 695 2164 vir
721 2138 838 2164 unam
858 2141 933 2166 esse
959 2134 1158 2180 optumam
1184 2127 1242 2164 di-

290 2189 334 2226 Ju
363 2184 436 2215 icat
1188 2182 1238 2216 45
