1412 2427
402 69 777 109 AMPHITRUO.
807 69 891 107 ΙΙΙ.
921 71 959 106 3.
1184 69 1237 105 45

121 176 277 224 Qum,
298 175 575 227 Amphitruoni
593 183 637 214 ut
656 188 803 227 semper
821 175 938 213 iratus
957 175 1040 213 sies.
1181 175 1233 212 53

121 231 210 268 Alc.
236 231 332 268 Ah!
364 230 550 282 propitius
569 230 618 268 sit
635 229 772 281 potius.

796 285 895 332 -Jup-
928 281 1087 320 Confide
1104 281 1207 319 fore:

119 337 226 375 Nam
240 337 513 387 jusjurandum
534 349 663 374 verum
685 344 722 374 te
739 336 944 375 advorsum
963 335 1063 373 dedi.
1184 337 1234 372 55

117 390 212 428 Jam
231 403 334 429 nunc
352 392 449 429 irata
467 403 544 429 non
565 403 628 428 es.
619 393 636 414 '²

581 445 670 481 Ale.
698 444 792 481 Non
810 456 911 481 sum.

579 500 593 513 ⁶
874 499 973 547 Jup.
1006 497 1114 535 Bene
1132 494 1235 533 facis.

119 551 241 600 Nam,
273 552 312 590 in
346 552 550 591 hominum
583 559 705 600 aetate,
737 551 861 589 multa
891 551 1070 589 eveniunt
1101 549 1238 598 hujus-

280 607 408 644 modi:

119 659 288 710 Capiunt
306 660 541 711 voluptates;
574 660 731 710 capiunt
748 672 900 697 rursum
920 659 1089 697 miserias
1103 673 1114 695 .·

119 712 195 750 Irae
212 713 493 761 interveniunt3
522 714 681 752 redeunt
699 725 852 751 rursum
870 713 910 750 in
929 713 1104 763 gratiam.

122 765 282 813 Verum,
302 767 368 805 irae
387 768 506 818 siquae
524 767 620 805 forte
639 768 817 805 eveniunt
835 766 1057 816 hujusmodi
1183 766 1236 804 60

119 819 226 857 Inter
244 833 320 867 eos,
339 834 493 859 rursum
512 822 544 858 si
561 829 760 858 reventum
778 820 817 857 in
838 820 1000 870 gratiam
1019 818 1080 863 'st‚

116 872 187 911 Bis
205 881 311 912 tanto
329 875 442 913 amici
460 882 550 913 sunt
566 875 664 912 inter
681 888 733 920 se,
754 887 871 925 quam
891 874 1011 924 prius.

118 927 209 964 Alc.
241 928 420 966 Primum
439 928 578 967 cavisse
596 928 763 979 oportuit
781 940 828 965 ne
847 928 1010 973 ὤσει-θεῖς

63 992 65 994 ·
117 979 158 1014 V
159 993 282 1028 erum,
298 982 430 1020 eadem
449 982 481 1020 si
500 981 622 1020 isdem
641 994 795 1032 purgas,
815 980 912 1019 mihi
929 981 1115 1032 patiunda
1134 988 1235 1019 sunt.

118 1035 216 1084 Jup.
246 1035 273 1072 J
278 1037 352 1073 ube
371 1049 459 1074 vero
477 1048 565 1073 vasa
583 1048 680 1086 pura
698 1035 872 1073 adornari
889 1035 1000 1082 mihi,
1182 1034 1234 1072 65

121 1087 194 1133 Ut,
215 1101 302 1138 quae
320 1089 424 1139 apud
441 1089 630 1139 legionem
649 1097 736 1126 vota
755 1089 856 1134 vovi,
878 1088 908 1125 si
927 1088 1087 1126 domum

118 1139 320 1178 Redissem
339 1142 480 1188 salvus,
502 1154 546 1178 ea
563 1154 632 1191 ego
651 1141 845 1179 exsolvam
864 1142 1006 1178 omnia.

119 1194 210 1230 Alc.
240 1193 327 1244 Ego
344 1195 442 1233 istuc
460 1195 611 1232 curabo.

655 1250 754 1298 Jup.
781 1248 949 1286 Evocate
966 1247 1042 1286 huc
1060 1247 1232 1286 Sosiam:

121 1301 442 1348 Gubernatorem,
463 1301 531 1352 qui
549 1301 587 1338 in
608 1302 694 1339 me&
713 1301 801 1338 navi
818 1301 905 1348 fuit,

117 1354 415 1404 Blepharonem,
435 1362 609 1399 arcessat,
630 1355 697 1405 qui
715 1354 913 1392 nobiscum
931 1354 1126 1406 prandeat.
1181 1356 1234 1399 70

119 1407 162 1445 15
181 1407 304 1444 adeo
293 1419 508 1457 impransus
525 1406 784 1446 ludificabitur
802 1409 932 1458 probe,

117 1459 250 1508 Quom
263 1473 332 1511 ego
342 1461 664 1511 Amphitruonem
676 1461 772 1499 collo
782 1461 872 1499 hinc
883 1462 1061 1500 obstricto
1073 1463 1238 1514 traham.

116 1515 206 1552 Alc.
234 1514 399 1562 Mirum,
421 1514 515 1565 quid
533 1513 635 1552 solus
654 1527 782 1553 secum
802 1523 941 1553 secreto
959 1515 1025 1553 ille
1043 1516 1158 1566 agat!
1186 1522 1213 1539 ‘-
1297 1520 1301 1527 '

116 1567 251 1619 Atque
269 1569 489 1620 aperiuntur
508 1567 629 1606 aedes:
661 1569 740 1607 exit
759 1568 879 1607 Sosia.

351 1730 538 1769 ACTUS
570 1729 654 1768 III.
704 1729 891 1768 SCENA
920 1730 1004 1768 ΙΙΙ.

332 1837 481 1875 8051Α.
513 1838 736 1876 JUPITER.
767 1837 1018 1876 ALCMENA.

114 1943 192 1982 Sos.
221 1943 474 2004 Amphitruo,
499 1956 655 1982 assum·
686 1944 718 1982 si
738 1943 830 1996 quid
849 1957 945 1995 opus
963 1951 1033 1992 est,
1054 1943 1199 1995 impera
1216 1958 1227 1982 ι

273 1997 478 2048 imperium
496 2010 695 2048 exsequar.

113 2052 211 2101 Jup.
240 2050 414 2102 Οηωωε
432 2050 599 2089 advenis.

518 2103 592 2142 Sos.
622 2103 712 2143 Jam
732 2117 810 2154 pax
829 2112 884 2143 est
902 2104 999 2143 inter
1017 2116 1082 2142 vos
1100 2103 1194 2141 duos
1208 2105 1226 2140 t-
