1412 2427
414 42 717 82 ASINARIA.
744 42 803 81 11.
833 44 874 80 4.
1143 45 1194 83 89

371 149 510 187 Liban.
541 149 658 187 Aibat
676 148 845 197 reddere,
865 161 982 200 quam
1001 151 1194 202 extemplo

473 202 664 240 redditum
691 211 808 240 esset:
1141 205 1194 241 36

80 255 186 293 Nam
204 254 369 305 retineri,
389 263 447 304 ut,
467 255 571 307 quod
590 255 727 294 sit-sibi
745 255 880 308 operis,
901 254 1074 304 effioeret,
1093 257 1194 295 loca-

238 316 334 347 tum.

80 363 199 400 Leon.
238 363 421 414 Scyphos,
451 375 546 414 quos
574 362 736 401 utendos
755 362 843 401 dedi
863 361 1106 409 Philodamo,
1135 375 1194 401 re-

239 417 376 454 tulitne
391 418 408 454 ‚⁹

81 470 220 508 Liban.
252 470 345 508 Non
362 469 490 508 etiam.

384 524 504 561 Leon.
533 522 639 561 Hem
657 523 667 560 !
699 522 804 561 non?
833 522 865 561 si
884 523 990 571 velis,
1005 522 1068 571 da,
1089 536 1192 562 oom-

506 576 621 614 moda
639 576 786 614 homini
803 576 938 614 amico.

78 632 208 672 Merc.
236 629 354 678 Perii,
372 629 518 669 hercle!
547 630 577 668 J
579 644 641 668 am
660 630 722 668 hic
739 643 802 667 me
823 630 989 680 abegerit
1007 643 1075 668 suo
1093 630 1192 669 odio.

493 685 632 722 Liban.
660 683 795 722 Heus!
823 684 905 733 jam
924 683 1015 722 satis
1033 692 1076 721 tu
1091 686 1109 722 ,⁹
1139 686 1191 722 40

75 737 256 786 Audi‘n’,
277 750 363 789 quae
380 737 550 789 loquitur
563 740 582 776 Ρ

342 792 462 829 Leon.
489 791 638 839 Audio,
654 800 691 829 et
709 790 872 842 quiesco.

660 846 791 882 Merc.
825 844 1001 882 Tandem
1019 844 1189 895 (opinor)

75 898 280 937 Conticuit.
328 898 446 937 Nunc
471 898 606 937 adeam
634 905 841 949 optumum
870 899 934 946 ’st,
963 898 1189 950 priusquam

233 952 367 1004 incipit
384 952 538 990 tinnire.

75 1005 207 1053 Quam
224 1018 317 1044 mox
333 1005 432 1043 mihi
450 1018 604 1057 operam
618 1005 685 1043 das
697 1005 715 1041 ?

369 1060 483 1097 Leon.
516 1058 668 1097 Ehem!
706 1065 890 1109 optume:
920 1057 1188 1108 quamdudum

448 1119 491 1149 tu
511 1111 723 1149 advenisti?

77 1166 167 1204 Non
185 1165 349 1217 (hercle)
366 1172 403 1202 te
420 1165 672 1215 provideram.
701 1164 858 1212 Quzffio,
872 1176 920 1201 ne
933 1163 1026 1202 vitio
1041 1172 1188 1211 vortas3

76 1220 138 1258 Ita
155 1218 349 1256 iracundia
368 1218 512 1256 obstitit
530 1218 660 1256 oculis.

450 1274 582 1310 Alere.
613 1272 706 1309 Non
724 1270 867 1309 mirum
885 1269 1056 1309 factum’
1058 1278 1106 1309 st.
1134 1272 1187 1310 45

74 1326 162 1374 Sed,
184 1326 215 1364 si
233 1324 337 1363 domi
356 1326 417 1373 '‘s-t,
434 1325 704 1363 Demaenetum
718 1325 907 1363 volebam.

679 1379 798 1416 Leon.
827 1378 956 1428 Negat
974 1390 1052 1415 <sse
1070 1377 1188 1417 intus.

70 1434 221 1473 Verum
248 1432 346 1471 istuc
372 1440 573 1483 argentum
602 1440 730 1470 tamen
752 1431 850 1469 mihi
872 1431 904 1468 si
924 1431 980 1469 vis
1005 1430 1188 1470 denume-

231 1499 327 1534 rare,

71 1541 368 1594 Repromittam,
393 1540 488 1578 istoc
510 1539 582 1578 tibi
603 1538 758 1577 nomine
790 1539 954 1577 solutam
975 1550 1057 1576 rem
1080 1538 1187 1577 futu-

230 1607 326 1632 ram.

72 1651 202 1688 sslcrc.
229 1648 291 1687 Sic
314 1647 456 1699 potius,
479 1654 525 1685 ut
546 1646 771 1684 Demaeneto
795 1645 865 1684 tibi
887 1645 980 1683 hero
1006 1652 1188 1697 prasente

231 1701 402 1739 reddam.

32 1774 36 1776 ·
74 1758 214 1794 Liban.
242 1755 373 1792 Herus
389 1754 514 1793 istunc
533 1754 652 1800 novit,
673 1761 790 1805 atque
807 1753 945 1790 herum
962 1752 1037 1790 hic.

345 1809 475 1846 Mero.
505 1808 610 1846 Hero
627 1807 717 1845 huic
735 1813 919 1859 praesente
937 1806 1107 1844 reddam.
1134 1808 1186 1845 50

73 1864 211 1901 Liban.
242 1861 307 1899 Da
324 1861 438 1899 modo
456 1873 542 1899 meo
558 1861 750 1913 pericu103
771 1872 851 1897 rem
870 1860 1013 1898 salvam
1032 1873 1102 1911 ego
1120 1873 1187 1898 ex-

234 1915 397 1953 hibeb0:

71 1971 191 2014 Nam,
206 1969 238 2007 si
257 1969 348 2007 sciat
366 1976 492 2006 noster
510 1981 624 2007 senex
642 1969 757 2007 fidem
776 1978 853 2004 non
872 1980 953 2006 esse
971 1966 1061 2004 huic
1074 1967 1184 2005 habi-

230 2029 324 2069 *³111ae

71 2080 309 2123 Succenseat,
328 2075 419 2127 quoi
438 2076 611 2114 omnium
625 2088 752 2115 rerum
766 2076 872 2127 ipsus
890 2086 1038 2123 semper
1055 2073 1183 2111 credit.

959 2138 971 2163 ι
994 2128 1019 2161 3
