1412 2427
182 48 259 86 262
481 47 810 88 CAPTEIVEI.
838 48 916 87 IV.
946 50 984 86 2.

575 157 677 205 Erg.
706 154 856 200 Credo·
883 161 1080 193 consuetus
1098 166 1202 205 puer.
1229 154 1280 197 87

181 207 290 257 Heg.
319 208 475 260 Jupiter
489 215 526 247 te
539 208 607 247 Dii
609 222 682 259 que
700 208 873 259 perdant.

439 264 541 312 Erg.
569 262 629 300 Te
650 261 820 313 (hercle)
840 261 897 300 mi
915 273 1069 312 aequum
1080 259 1128 298 'st
1145 258 1282 311 gratias

179 313 307 365 Agere
325 316 374 353 ob
392 316 594 354 nuntium.
625 322 777 353 tantum
798 328 867 366 ego
885 327 987 354 nunc
1004 321 1113 364 porto
1130 326 1153 351 a
1170 319 1282 364 portu

340 368 410 407 tibi
423 369 524 407 boni.

182 420 222 457 N
225 432 298 458 unc
317 428 359 459 tu
377 422 473 459 mihi
490 423 625 473 places.

296 476 403 525 Heg.
432 476 515 514 Abi
533 475 694 520 stultus;
716 487 797 512 sero
814 481 899 525 post
916 482 1068 534 tempus
1086 471 1201 510 venis.
1230 473 1283 511 90

182 527 288 577 Erg.
318 528 443 578 Igitur
460 528 551 566 olim
570 527 602 566 si
619 528 865 577 advenissem,
884 527 1006 579 magis
1024 535 1066 565 tu
1086 533 1169 564 tum
1186 525 1284 564 istuc

338 581 491 620 diceroe.

180 633 297 672 Nunc
316 633 414 673 hanc
436 635 608 674 laetitiam
625 634 750 686 accipe
774 647 797 672 a
816 645 895 684 me,
921 647 1038 686 quam
1060 633 1163 672 fero·
1193 642 1284 670 nam

336 687 460 726 filium

181 738 314 778 Tuum
340 741 453 779 modo
479 741 519 779 in
551 748 663 793 portu
694 739 1003 791 Philopolemum
1033 739 1179 787 vivum,
1212 736 1286 776 sal·

339 806 446 838 vum,
467 802 504 832 et
523 795 714 845 sospitem,

179 845 301 885 Vidi
289 859 329 884 m
354 846 507 897 publica
531 849 667 896 edoce,
694 847 911 897 ibidemque
933 845 1045 883 illum
1071 844 1286 883 adolescen-

341 900 469 938 tulum

179 952 318 991 Alium
342 965 434 999 una,
463 960 500 991 et
527 960 639 991 tuum
669 953 909 1004 Stalagmum
936 963 1100 1001 servum,
1126 950 1193 1002 qui
1217 963 1285 989 au-

339 1006 440 1056 fugit
457 1006 584 1055 domo,
1231 1006 1283 1043 95

182 1059 264 1106 Qui
275 1059 344 1097 tibi
359 1059 541 1110 surripuit
555 1059 799 1111 quadrimum
809 1070 973 1110 puerum
986 1057 1147 1096 filiolum
1160 1063 1289 1095 tuum.

182 1115 290 1162 Heg.
320 1112 429 1150 Abi
419 1124 459 1149 m
478 1113 620 1151 malam
639 1126 743 1151 rem:
772 1112 873 1151 ludis
891 1124 967 1150 me.

489 1167 683 1217 Erg.1ta
699 1178 761 1204 me
779 1165 921 1204 amabit
939 1171 1068 1203 sancta
1085 1163 1284 1210 Saturitas,

183 1218 323 1270 Hegio,
357 1219 428 1257 ita-
412 1232 505 1271 -que
535 1231 604 1259 suo
635 1232 698 1258 me
728 1231 875 1270 semper
905 1218 1122 1258 condecoret
1148 1229 1285 1268 cogno-

342 1284 461 1322 mme,

181 1325 239 1364 Ut
256 1338 326 1377 ego
342 1325 432 1364 vidi.

343 1381 447 1430 Heg
476 1379 615 1417 Meum
633 1378 822 1430 gnatum?

408 1412 534 1481 0Erg.
555 1433 688 1470 Tuum
707 1439 881 1483 gnatum,
901 1437 939 1469 et
957 1429 1125 1469 Genium
1142 1441 1286 1468 meum.

183 1487 290 1535 Heg.
318 1485 372 1524 Et
391 1485 584 1536 captivum
601 1486 714 1524 illum
731 1484 984 1523 Alidensem?

608 1541 710 1588 Erg.
741 1546 802 1576 Μα
822 1553 863 1574 το
867 1542 1075 1574 -Απολλω,

782 1592 892 1639 Heg.
919 1590 974 1627 Et
991 1589 1180 1627 servulum
1214 1589 1288 1627 100

184 1644 323 1683 Meum
341 1644 595 1696 Stalagmum,
615 1657 744 1682 meum
763 1644 831 1695 qui
848 1650 1008 1693 gnatum
1026 1641 1234 1693 surripuit?

873 1698 975 1746 Erg.
1003 1702 1058 1739 Νη
1079 1711 1144 1734 ταν
1164 1701 1291 1746 Κοραν.

185 1753 295 1802 Heg.
323 1752 417 1790 Jam
437 1751 531 1789 diu?

342 1806 445 1855 Erg.
477 1817 528 1848 Νη
551 1818 616 1842 ταν
630 1811 863 1854 Πραινεστην.

723 1858 831 1906 Heg.
859 1855 1009 1895 Venit?

849 1911 951 1959 Erg.
979 1912 1037 1953 Νη
1057 1923 1123 1946 ταν
1142 1913 1289 1954 Σιγνιαν.

186 1967 296 2015 Heg.
320 1965 507 2005 Certon'?

344 2020 447 2068 Erg.
477 2023 532 2060 Νη
553 2033 618 2056 ταν
633 2027 861 2066 Φρουσινωνα.

611 2072 719 2120 Heg.
748 2068 854 2108 Vide
871 2068 934 2107 sis.

835 2125 937 2172 Erg.
966 2124 1081 2163 Νη-το
1103 2125 1294 2171 Αλατριον.
