1412 2427
169 40 243 78 164
351 36 694 78 BACCHIDES.
705 58 757 65 —
771 35 1088 76 PROLOGUS.

170 145 294 185 Simul
312 145 427 194 hujus
446 157 583 183 nomen
603 143 791 194 proferam
810 143 1013 182 comoediae.
1227 144 1278 181 22

173 200 272 237 Ecce
290 198 397 236 fabor
411 199 492 247 jam
513 196 633 244 vobis,
654 196 757 248 quod
774 197 975 247 expetitis:

174 251 340 289 Proinde
359 264 423 289 vos
440 251 536 289 mihi
554 250 664 288 facite
679 249 925 288 audientiam.

174 305 215 342 N
218 313 335 342 aturae
354 305 461 342 Deus
481 317 580 349 sum,
601 302 749 341 Bromii
767 303 862 340 altor
881 303 1069 351 maxumi,
1229 304 1282 340 25

174 357 354 396 Femineo
373 358 440 408 qui
459 357 603 407 peperit
623 369 702 393 rem
722 356 900 394 exercitu.

173 410 375 461 Quidquid
395 411 552 460 hujusce
571 416 698 460 gentes
717 408 844 446 ferunt
861 408 1026 460 inclytae,

174 464 364 501 Nonnihil
383 471 508 502 nostro
526 471 630 514 gesta
648 470 736 500 sunt
755 462 920 500 consilio.

174 517 403 568 Nunquam,
424 516 526 568 quod
545 516 639 554 mihi
656 516 793 566 placet,
813 515 870 552 illi
888 514 1071 566 displicet.

174 570 376 621 AEquum'
379 578 425 616 st,
447 570 478 608 si
495 577 599 621 pater
616 569 834 620 obsequitur
852 568 962 618 patri.
1227 569 1282 608 30

175 623 376 661 Asibidam
396 623 496 661 16nii
515 635 577 660 me
591 621 753 661 vocitant
770 634 916 682 greges,

175 676 292 724 Quod
310 677 474 715 vecturio
493 688 605 714 senex
624 675 738 713 vehar
755 674 927 712 asinario.

174 729 257 776 Qui
274 730 360 776 sim,
380 729 529 768 tenetis.
554 728 595 767 Si
609 728 755 774 tenetis,
775 728 898 776 sinite,

175 783 233 820 Ut
251 794 389 820 nomen
408 783 523 832 hujus
543 782 697 833 eloquar
716 781 888 825 statariae,

173 835 299 874 Simul
318 836 441 874 sciatis
459 835 508 873 ad
527 847 593 873 vos
612 847 677 872 cur
695 834 876 871 venerim.
1227 836 1279 873 35

175 888 377 927 Philemon
399 889 573 927 Graecam
591 887 683 925 olim
702 887 805 924 dedit
828 887 1010 932 fabulam,

175 941 303 990 Hanc,
324 942 391 993 qui
409 942 637 992 graecissant‚
657 939 868 979 Euantides
889 948 1124 992 nuncupant.

175 993 350 1039 Plautus,
369 996 437 1046 qui
454 994 653 1054 latinissat‚
672 1001 779 1031 vocat
795 993 1018 1033 Bacchides.

176 1047 307 1094 Quare
325 1059 401 1085 non
419 1054 475 1086 est
491 1047 647 1092 minim,
668 1045 699 1083 si
717 1046 793 1084 huc
810 1046 1038 1086 advenerim.

174 1100 350 1139 Bacchus
367 1100 603 1139 bacchanteis
621 1099 790 1138 Bacchas
808 1099 927 1138 mittit
944 1100 1165 1140 Bacchides.
1230 1102 1282 1142 40

108 1192 111 1195 ,
175 1153 329 1204 Egoad
348 1167 412 1193 vos
431 1162 539 1206 porto
558 1181 597 1192 ..
617 1178 654 1191 ..
677 1152 812 1197 Quid?
840 1152 1214 1194 diximendaeium?

177 1207 269 1244 Non
287 1207 393 1246 decet
411 1206 563 1246 mentiri
581 1206 723 1245 Deum.
772 1207 831 1244 At
849 1219 936 1245 vera
954 1207 1103 1246 fabulor
1115 1222 1127 1245 z

177 1259 269 1297 Non
289 1273 357 1311 ego
376 1274 437 1299 eas
454 1268 587 1311 porto:
619 1272 751 1299 verum
770 1260 890 1300 salsus
906 1260 1048 1309 asinus,

174 1313 252 1352 Via
270 1313 450 1362 defessus,
468 1323 554 1358 tres,
573 1314 605 1352 si
622 1314 692 1352 rite
709 1326 931 1361 memorem,

175 1366 289 1405 Fert.
319 1379 442 1405 unum
460 1367 604 1406 videtis.
646 1366 740 1412 Oro,
761 1367 854 1418 quid
873 1367 1007 1416 feram,
1028 1367 1189 1420 specite3
1230 1369 1280 1408 45

175 1419 286 1458 Duas
304 1433 445 1459 sorores
463 1420 748 1460 debacchanteis
766 1420 926 1465 Samias,

174 1472 394 1512 Meretrices
410 1474 570 1525 lepidas,
591 1486 668 1511 uno
685 1480 888 1524 prognatas
906 1481 1088 1525 tempore,

174 1525 318 1564 Iisdem
336 1527 567 1576 parentibus,
587 1526 666 1565 fetu
684 1526 925 1576 gemellitieo‚

174 1580 266 1616 Non
283 1579 412 1618 minus
430 1579 599 1623 simileis‚
619 1591 736 1630 quam
754 1579 844 1617 lacti
860 1579 931 1623 lac,
951 1579 982 1618 si
1000 1580 1180 1631 conferas,

174 1633 260 1669 Aut
278 1645 418 1683 aquam
436 1646 569 1683 aquae:
600 1632 815 1670 dimidiatas
832 1632 1011 1683 imputes,
1228 1637 1280 1674 50

174 1684 259 1723 Has
278 1685 310 1722 si
328 1685 495 1730 videres;
516 1685 570 1724 ita
587 1685 795 1724 confundas
812 1686 953 1735 oculos,

174 1738 274 1775 Utra
291 1745 335 1776 ut
353 1739 415 1785 sit,
435 1751 510 1777 non
530 1752 647 1790 queas
665 1738 924 1777 internoscere.

172 1789 290 1837 Quod
308 1799 434 1840 restat,
454 1792 638 1843 expetitis.
682 1792 709 1830 J
715 1804 778 1830 am
797 1792 882 1830 date
900 1793 1119 1841 silentium;

173 1843 304 1893 Hujus
320 1852 588 1894 argumentum
606 1845 760 1896 eloquar
774 1845 977 1886 comoediae.

174 1896 321 1943 Samos,
342 1911 428 1948 quae
449 1906 546 1936 terra
563 1899 624 1947 sit,
644 1908 734 1937 nota
752 1907 807 1937 est
824 1900 1027 1939 omnibus.
1227 1903 1252 1938 5

174 1950 281 1988 Nam
299 1951 430 1995 maria,
449 1959 579 1998 terras,
599 1953 774 1999 monteis,
791 1959 906 2004 atque
926 1954 1083 2001 insulas,

172 2002 322 2042 Vostrae
339 2004 504 2055 legiones
521 1981 718 2044 reddidere
733 2007 891 2068 pervias.

173 2056 260 2095 Hac
279 2057 472 2108 Pyrgoteli
491 2060 656 2099 Sostrata
675 2060 833 2121 Pyrocle
851 2061 930 2100 viro

169 2110 258 2149 Uno
277 2110 392 2150 edidit
405 2120 538 2163 gnatas
556 2114 641 2165 nisu
661 2114 840 2164 geminas.

1254 1904 1279 1939 2⁷!
