1412 2427
204 38 279 75 120
500 39 858 78 AULULARIA.
888 40 949 78 Il.
978 41 1012 77 1.

201 143 243 181 Si
262 144 373 182 Bona
392 144 562 183 Fortuna
579 145 719 191 veniat,
739 157 787 184 ne
805 145 1060 183 intromiseris.
1254 148 1305 185 22

201 198 286 234 Sta.
315 198 400 245 Pol,
422 211 465 236 ea
483 199 577 249 ipsa,
600 198 748 249 (credo)
766 211 814 237 ne
834 200 1119 247 intromittatur,
1140 208 1268 238 cavet.

199 250 304 288 Nam
324 250 372 288 ad
397 251 508 289 aedeis
533 259 679 290 nostras
701 264 891 303 nusquam
914 251 1020 300 adiit,
1051 253 1304 323 [quamquam

360 317 478 355 prope
497 304 576 356 ‘.st]

198 360 298 396 Eue.
327 358 442 406 Tace,
463 368 578 408 atque
595 358 657 396 abi
674 358 785 396 intro.

517 413 605 450 Sta.
632 411 771 459 Taceo,
792 420 906 462 atque
925 413 1029 449 abeo.

856 467 955 502 Eue.
986 464 1156 503 Occlude
1175 466 1225 504 sis
1252 468 1303 505 25

196 517 229 556 F
231 517 326 556 oreis
344 519 530 556 ambobus
539 518 716 578 pessulis.
763 519 791 556 J
794 530 856 555 am
876 530 945 568 ego
963 518 1027 556 hic
1046 531 1120 556 ero.

196 570 415 609 Discrucior
432 571 564 617 animi,
584 571 674 622 quia
692 572 740 608 ab
762 571 875 609 domo
894 571 1112 608 abeundum
1133 572 1180 609 'st
1196 571 1304 610 mihi.

196 624 326 662 Nimis
355 623 518 675 (hercle)
539 625 679 662 invitus
697 626 814 662 abeo·
846 624 924 670 sed,
945 624 1051 684 quid·
1057 637 1186 674 agam,
1205 626 1296 665 scio.

197 677 302 714 Nam
322 685 446 716 noster
463 686 600 716 nostrae
619 677 686 728 qui
706 685 759 715 est
779 678 956 728 magister
974 677 1101 726 curiae,

195 729 378 768 Dividere
395 731 540 781 argenti
560 731 657 768 dixit
675 742 853 769 nummos
873 731 912 768 in
933 730 1058 768 viros.
1253 732 1305 769 30

196 783 246 821 Id
265 784 296 820 si
314 784 500 835 relinquo,
521 797 563 821 ac
582 796 657 821 non
677 791 778 833 peto,
799 796 929 821 omnes
947 783 1049 821 illico

195 835 268 874 Me
282 837 516 888 suspicentur
535 837 678 883 (credo)
698 836 833 875 habere
852 849 988 874 aurum
1008 837 1135 874 domi:

194 889 301 927 Nam
321 902 398 927 non
417 898 472 928 est
490 890 703 937 verisimile,
724 889 917 928 hominem
936 903 1141 940 pauperem

195 942 420 981 Pauxillum
438 944 545 994 parvi
562 943 697 990 facere,
718 943 811 994 quin
831 956 1035 980 nummum
1054 950 1171 994 petat.

190 995 297 1033 Nam
317 1008 432 1042 nunc,
449 1009 566 1046 quom
586 997 664 1034 celo
690 996 820 1033 sedulo
839 996 996 1042 omneis,
1016 1008 1065 1034 ne
1084 997 1216 1045 sciant,
1250 998 1305 1035 35

194 1048 342 1087 Omnes
362 1049 534 1086 videntur
555 1049 673 1093 scire3
705 1056 741 1086 et
758 1061 821 1086 me
839 1049 1038 1100 benignius

192 1101 341 1140 Omnes
357 1102 536 1149 salutant,
557 1114 674 1153 quam
694 1102 907 1140 salutabant
926 1102 1044 1153 prius.

191 1155 366 1203 Adeunt,
386 1155 608 1201 consistunt,
629 1156 854 1206 copulantur
872 1155 1064 1194 dexteras:

193 1207 378 1259 Rogitant
396 1221 471 1254 me,
497 1216 541 1246 ut
563 1209 740 1247 valeam?
771 1209 864 1259 quid
887 1221 999 1259 agam
1018 1211 1035 1247 ?
1064 1209 1158 1261 quid
1179 1223 1305 1248 rerum

377 1275 479 1300 eram
495 1264 512 1300 ?

192 1313 323 1361 Nunc,
344 1275 421 1366 ξιιο
435 1315 623 1366 profectus
641 1329 743 1364 sum,
763 1316 826 1354 ibo
842 1330 854 1363 ;
879 1316 1048 1367 postidea
1066 1317 1225 1356 domum
1253 1318 1305 1355 40

192 1367 264 1405 Me
282 1381 449 1416 rursum,
471 1376 659 1419 quantum
678 1377 822 1420 potero,
843 1377 994 1408 tantum
1012 1371 1205 1422 recipiam.

459 1524 644 1564 ACTUS
675 1525 735 1563 II.
791 1525 977 1564 SCENA
1005 1525 1042 1563 Ι.

443 1631 683 1670 EUNOMIA.
740 1631 1054 1669 MEGADORUS.

191 1739 297 1775 Eun.
327 1737 457 1776 Velim
477 1745 514 1776 te
532 1738 718 1784 arbitrari,
738 1751 801 1776 me
819 1738 900 1776 haec
917 1739 1047 1787 verba,
1066 1738 1196 1787 frater,

190 1790 294 1828 Meae
312 1790 400 1829 fidei
419 1798 572 1842 tuaeque
590 1792 643 1829 rei
661 1792 732 1829 hoc
750 1792 864 1829 causa

192 1844 342 1890 Facere,
363 1852 407 1882 ut
426 1857 580 1896 aequum
601 1845 649 1882 ’st
667 1857 888 1896 germanam
906 1857 1070 1884 sororem
1086 1859 1097 1883 :

190 1896 441 1948 Quamquam
460 1898 564 1935 haud
582 1898 678 1936 falsa
695 1911 795 1946 511111,
816 1911 884 1936 1105
901 1898 1047 1938 odiosas
1064 1899 1219 1938 haberi:

190 1950 297 1988 Nam
317 1951 485 1988 multum
504 1951 680 2002 loquaces
698 1952 833 1989 merito
851 1964 982 1991 omnes
999 1953 1210 2000 habemur;
1276 1954 1300 1989 5

189 2003 232 2040 N
234 2017 275 2042 ec
292 2012 440 2042 mutam
459 2004 625 2055 profecto
642 2015 830 2056 repertam
850 2005 971 2043 ullam
990 2019 1068 2044 esse

192 2056 320 2096 Hodie
337 2057 469 2095 dicunt
485 2058 686 2096 mulierem
704 2058 784 2096 ullo
802 2059 842 2096 in
861 2059 1009 2097 saeculo.

190 2109 337 2149 Verum
357 2111 443 2159 hoc,
463 2111 590 2161 frater,
611 2124 734 2151 unum
753 2119 881 2151 tamen
899 2113 1074 2164 cogitato,
