1412 2427
115 31 168 69 46
392 32 766 73 AMPHITRUO.
794 34 879 73 ΙΙΙ.
907 35 946 73 3.

115 133 236 183 Nam,
258 136 349 187 quia
367 149 432 175 vos
457 137 682 190 tranquillos
703 138 825 188 video,
849 138 1011 190 gaudeo,
1032 146 1068 177 et
1091 140 1228 191 volupe

277 188 323 228 ’st
342 191 449 228 mihi.
824 206 855 223 ’Δ
1113 237 1119 240 .
1161 234 1164 235 ⁷
1198 194 1225 230 3

111 241 246 292 Atque
263 242 316 280 ita
335 256 484 282 servum
504 257 571 295 par
591 244 738 283 videtur
755 245 857 296 frugi
877 258 955 284 sese
972 245 1193 293 instituere3

115 295 281 334 Proinde
308 296 388 334 heri
416 305 458 334 ut
486 299 574 345 sint,
595 298 675 349 ipse
693 297 784 336 item
808 299 884 337 sitz
916 300 1061 342 voltum
1081 313 1102 337 e
1120 300 1225 338 voltu

273 362 356 387 com
386 358 488 388 aret:
1200 355 1225 389 5

115 400 253 440 Tristis
274 403 343 493 git,
359 363 405 441 psi
431 403 511 441 heri
539 403 614 442 sint
639 405 786 444 tristes:
816 405 960 443 hilarus
987 405 1049 453 sit,
1077 406 1109 444 si
1130 420 1225 458 gau-

301 464 398 494 eant.

114 507 189 546 Sed
207 522 290 559 age,
311 510 494 560 responde
511 525 520 548 :
549 512 631 560 jam
649 524 715 550 vos
733 512 882 550 redistis
900 511 938 548 in
959 510 1194 550 concordiam
1206 510 1225 547 ?

112 563 210 612 Jup.
238 562 413 611 Derides,
446 564 514 615 qui
540 565 609 602 scis
634 565 715 603 haec
740 565 972 614 jamdudum
999 577 1062 603 me
1085 563 1225 602 dixisse

270 629 338 666 per
353 618 495 665 jocum.

114 669 198 705 Sos.
226 668 293 706 An
313 669 352 706 id
367 671 452 719 joco
465 670 624 710 dixisti?
645 671 821 723 equidem
835 672 930 711 serio
944 684 987 710 ac
1001 683 1089 710 vero
1106 678 1226 710 ratus.

111 723 211 771 Jup.
239 722 372 761 Habui
393 725 729 776 expurgationem;
758 725 858 764 facta
875 739 952 776 pax
971 732 1038 763 est.

778 782 860 817 Sos.
890 779 1064 829 Optume
1083 777 1141 816 ’st.
1174 777 1223 815 lo

110 829 211 877 Jup.
237 829 325 880 Ego
343 843 422 869 rem
441 831 609 870 divinam
627 832 730 871 intus
745 832 895 881 faciam,
912 839 1000 870 vota
1017 845 1103 883 quae
1121 838 1223 869 sunt.

950 887 1034 924 Sos.
1061 885 1218 923 Censeo.

110 937 147 972 J
147 949 210 985 up·
240 936 304 974 Tu
324 939 614 988 gubernatorem
633 953 656 977 a
669 940 757 978 navi
774 940 851 978 huc
869 951 982 978 evoca
996 938 1116 977 verbis
1127 937 1223 975 meis

110 987 406 1040 Blepharonem,
427 999 480 1035 ut,
502 1005 541 1030 re
560 993 689 1030 divina
707 993 819 1037 facta,
839 1005 991 1030 mecum
1009 990 1203 1042 prandeat.

110 1043 193 1081 Sos.
222 1044 252 1081 J
255 1056 317 1081 am
335 1044 399 1082 hic
419 1057 494 1093 ere,
515 1058 633 1096 quom
650 1046 728 1084 illic
746 1046 912 1084 censebis
931 1058 1010 1083 esse
1029 1057 1103 1082 me.

699 1102 734 1137 J
735 1113 798 1149 up.
826 1100 1018 1137 Actutum
1034 1097 1111 1135 huc
1128 1097 1222 1135 redi.

109 1148 199 1186 Alc.
228 1149 433 1202 Numquid
452 1151 521 1199 vis,
544 1153 636 1203 quin
657 1154 790 1190 abeam
805 1154 888 1202 jam
909 1151 1023 1202 intro,
1040 1157 1086 1189 ut
1103 1164 1221 1202 appa-

269 1212 413 1252 rentur,
433 1205 572 1256 quibus
591 1206 746 1257 opu'st?
1171 1204 1219 1241 15

109 1257 207 1306 Jup.
234 1256 256 1294 I
289 1269 406 1318 sane3
446 1266 496 1306 et,
521 1268 710 1310 quantum
739 1265 876 1310 potest,
901 1264 1033 1310 parata
1055 1257 1116 1296 fac
1145 1257 1222 1296 sint

270 1323 412 1349 omnia.

110 1364 148 1401 A
154 1364 200 1401 lc.
229 1362 336 1411 Quin
352 1364 471 1411 venis,
491 1365 644 1416 quando
658 1365 729 1415 vis,
744 1365 844 1403 intro
854 1365 872 1402 ἰ’
891 1365 981 1403 faxo
991 1363 1096 1402 haud
1108 1363 1220 1415 quid-

271 1429 387 1468 quam
407 1418 455 1455 sit
473 1430 604 1457 morae⁹

108 1471 207 1519 Jup.
237 1470 356 1508 Recte
379 1471 546 1521 loquere,
573 1478 610 1509 et
630 1471 789 1522 proinde
809 1471 1031 1521 diligentem
1053 1477 1098 1508 ut
1122 1482 1220 1508 uxo-

268 1535 349 1560 rem
365 1523 481 1561 decet.

109 1574 204 1612 Jam
222 1575 265 1612 hi
282 1578 409 1623 ambo,
431 1583 467 1614 et
486 1590 612 1615 servus
631 1584 668 1616 et
685 1578 786 1622 hera,
806 1577 944 1615 frustra
965 1584 1054 1615 sunt
1071 1577 1162 1625 duo,

109 1627 190 1674 Qui
207 1641 270 1667 me
287 1629 615 1680 Amphitruonem
634 1639 764 1668 rentur
783 1643 885 1669 esse:
917 1638 1042 1668 errant
1058 1632 1190 1682 probe.

108 1681 151 1718 N
153 1694 227 1719 unc
247 1690 305 1729 tu,
326 1682 466 1729 divine,
486 1683 545 1721 fac
562 1683 638 1722 huc
656 1684 762 1731 assis,
778 1684 898 1722 Sosia.
1161 1684 1210 1721 21

108 1733 251 1782 Audis,
273 1749 358 1786 quae
378 1735 472 1779 dico,
492 1737 643 1774 tametsi
662 1749 824 1788 praesens
842 1750 918 1775 non
938 1736 1051 1774 ades:
1219 1747 1221 1749 ’

109 1787 202 1835 Fac,
222 1789 548 1839 Amphitruonem
567 1790 829 1828 advenientem
848 1792 895 1828 ab
915 1790 1058 1828 aedibus

108 1840 165 1878 Ut
184 1842 313 1891 abigas
331 1842 465 1892 quovis
483 1850 617 1893 pacto;
647 1843 706 1881 fac
725 1851 961 1881 commentus
979 1843 1065 1881 sies.

110 1893 212 1932 Volo
231 1895 360 1932 deludi
377 1896 502 1944 illum,
523 1896 617 1934 dum
637 1909 724 1935 cum
740 1897 811 1935 hac
829 1897 1001 1936 usuraria
1161 1898 1212 1934 25

108 1946 241 1985 Uxore
259 1961 361 1987 nunc
380 1949 475 1986 mihi
492 1950 690 2001 morigero.
731 1950 829 1988 Haec
848 1957 976 1989 curata
993 1949 1081 1998 sint,

107 1999 142 2037 F
144 2013 187 2038 ac
205 2001 268 2049 sis,
288 2002 445 2053 proinde
463 2002 570 2051 adeo,
589 2011 634 2041 ut
651 2016 713 2042 me
730 2004 825 2042 velle
838 2003 1041 2054 intelligis3

109 2052 242 2106 Atque
259 2062 304 2093 ut
322 2055 511 2095 ministres
528 2056 639 2105 mihi,
659 2069 776 2109 quom
793 2057 890 2095 mihi
908 2055 1138 2095 sacruficem.
