1412 2427
379 38 720 79 BACCHIDES.
748 39 823 78 IV.
851 42 889 78 3.
1120 43 1194 82 193

85 148 220 188 Alium
238 147 305 185 illa
322 153 440 191 amat,
460 157 536 183 non
554 145 678 184 illum.
718 146 808 185 Duc
828 154 865 185 te
883 148 931 186 ab
951 147 1108 187 aedibus.
1145 149 1189 186 ll

85 205 186 241 Par.
214 199 342 239 Nimis
365 199 555 238 iracunde.

376 253 479 290 Pist.
510 255 565 290 At
583 251 689 290 sci’n’
709 265 826 304 quam
845 253 1049 292 iracundus
1068 254 1159 292 siem
1174 255 1192 291 ⁰?

79 309 123 347 N
124 321 169 355 ae,
189 307 259 345 tibi
279 303 450 356 (hercle)
470 305 574 343 haud
592 306 704 356 longe
723 313 778 343 ὅτ
795 318 836 344 os
854 309 902 345 ab
921 308 1152 351 infortunio;

78 362 142 400 Ita
160 358 481 411 dentifrangibula
498 359 579 398 haec
598 359 691 397 meis
709 358 887 397 manibus
909 361 1088 411 gaetiunt.

80 417 182 453 Par.
210 414 342 462 Quom
364 424 435 462 ego
452 412 569 462 hujus
592 413 706 451 verba
729 413 966 465 interpretor,
986 414 1084 452 mihi
1103 426 1192 452 cau-

240 467 293 505 tio
314 474 383 512 est,
1142 467 1190 504 15

79 523 144 561 Ne
161 519 467 570 nucifrangibula
485 520 649 558 excussit
672 532 721 557 ex
738 519 850 557 malis
867 521 974 559 meis.

78 577 169 614 Tuo
187 587 257 626 ego
274 574 377 611 istaec
395 573 512 624 igitur
529 573 653 612 dicam
671 573 729 611 illi
746 573 926 624 periculo.

77 631 184 668 Pist.
213 626 321 676 Quid
338 626 393 664 ais
412 626 484 664 tu?

343 681 443 718 Par.
471 680 559 732 Ego
577 680 673 720 istuc
690 680 748 720 illi
765 681 902 721 dimm-

840 738 946 775 stt.
979 734 1057 773 Dic
1074 734 1187 782 mihi,

76 789 178 839 Quis
194 795 239 827 tu
257 785 324 826 es?

315 842 415 879 Par.
445 841 559 879 Illius
578 853 662 880 sum
682 841 985 893 integumentum
1008 842 1188 893 corporis.

76 899 181 936 Pist.
213 895 395 946 Nequam
414 907 493 933 ωδε
516 902 675 947 oportet,
702 896 793 947 quoi
814 901 870 935 tu
881 897 1188 948 integumentum

230 948 428 999 improbus
453 961 505 986 ω.
1134 951 1186 987 20

79 1007 180 1044 Par.
208 1001 392 1042 Sufflatus
411 1001 475 1039 ffle
492 1001 568 1040 huc
587 1002 723 1040 veniet.

692 1057 798 1094 Pist.
823 1054 1036 1107 Diruptum
1055 1056 1185 1094 velim.

74 1113 173 1150 Par.
203 1108 315 1147 Num
334 1107 428 1159 quid
446 1108 529 1146 vis?

381 1163 485 1200 Pist.
517 1163 647 1201 Abeas
665 1162 856 1201 celeriter:
886 1161 985 1201 facto
1003 1170 1058 1200 δ’(
1076 1175 1186 1214 opus.

72 1219 173 1257 Par.
202 1215 316 1263 Vale,
337 1214 666 1266 dentifrangibula

471 1270 575 1307 Pist.
604 1269 659 1307 Et
677 1276 734 1317 tu,
753 1270 1074 1321 integumentum,
1087 1270 1184 1308 vale.

71 1325 119 1364 In
141 1336 230 1362 eum
247 1334 350 1361 nunc
367 1321 449 1361 haec
467 1322 610 1361 revenit
623 1334 682 1360 res
701 1323 842 1370 locum,
862 1331 920 1370 ut,
940 1322 1034 1374 quid
1052 1324 1184 1361 consili

70 1378 175 1416 Dem
194 1389 280 1414 meo
299 1375 417 1414 sodali
435 1388 549 1427 super
570 1376 706 1424 amica,
730 1376 908 1423 nesciam,
1131 1379 1183 1414 25

70 1431 153 1479 Qui
170 1431 288 1469 iratus
307 1429 561 1467 renumeravit
578 1441 692 1468 omne
710 1442 848 1467 aurum
865 1429 978 1481 patr1‚

70 1485 211 1536 Neque
228 1495 412 1521 nummus
429 1483 527 1520 ullu'
529 1490 576 1527 st,
595 1483 663 1534 qui
681 1483 859 1521 reddatur
877 1483 1003 1521 militi.

70 1538 146 1577 Sed
162 1538 240 1575 huc
257 1536 484 1575 concedam.
514 1547 606 1574 nam
623 1545 922 1588 concrepuerunt
938 1536 1048 1574 forffi.

68 1590 347 1639 Mnesilochus,
367 1602 512 1638 eccum,
531 1597 687 1629 moestm
705 1590 944 1642 progreditur
963 1589 1074 1629 foras

302 1747 488 1787 ACTUS
517 1747 593 1786 IV.
649 1747 835 1786 SCENA
865 1746 949 1786 111.

264 1853 607 1892 Mxnsuocnus.
653 1853 982 1891 PISTOCLERUS.

65 1963 198 2001 Mnes.
237 1959 434 2005 petulans,
465 1967 652 2011 protervo,
684 1960 866 2000 iracundo
895 1959 1038 2009 animo,
1071 1959 1181 1998 indo·

227 2015 335 2062 mito,
354 2014 571 2065 incogitata,

66 2069 157 2109 Sine
182 2068 297 2108 modo
324 2076 361 2106 et
384 2066 570 2107 modestia
596 2080 696 2117 sum,
721 2067 801 2106 sine
826 2067 928 2106 bono
947 2067 1035 2116 jure
1063 2073 1177 2117 atque

222 2122 364 2162 honore
376 2135 388 2168 ;
462 2143 467 2148 ν

118 2185 224 2215 vor..
244 2186 274 2214 1.
997 2183 1016 2208 s
