1412 2427
194 57 267 94 132
491 57 845 97 AULULARIA.
877 59 937 97 ΙΙ.
965 59 1003 103 7.

192 165 290 202 Con.
309 163 429 203 Haud
447 166 611 216 postulo.

521 220 627 256 Stro.
647 217 737 256 Duc
755 218 844 257 istos
862 219 977 256 intro.

912 274 996 310 Sta.
1018 269 1243 322 Sequimini.

440 378 626 417 ACTUS
647 379 706 416 ΙΙ.
764 379 948 417 SCENA
968 378 1045 416 VI.

589 485 908 523 Pyrnomcus.

192 592 355 630 Curate:
387 604 456 641 ego
474 590 691 629 intervisam
712 591 805 642 quid
822 591 964 630 faciant
981 590 1116 642 coqui:

190 645 299 692 Quos
319 645 426 695 (pol)
446 651 489 681 ut
506 657 575 695 ego
594 644 705 682 hodie
725 658 884 693 servem,
905 659 994 683 cura
1012 655 1197 682 maxuma
1216 642 1289 687 'st;

191 698 279 735 Nisi
300 710 422 735 unum
441 697 511 736 hoc
530 698 680 744 faciam,
702 705 745 735 ut
763 698 802 735 in
822 706 936 749 puteo
951 710 1095 736 coenam
1115 702 1292 747 coquant,

190 750 286 790 Inde
304 759 448 789 coctam
469 763 620 789 sursum
639 752 895 790 subducamus
913 751 1088 790 corbulis.

190 804 232 842 Si
251 812 379 841 autem
397 804 576 841 deorsum
597 804 805 852 comedent,
829 805 859 842 si
878 806 975 856 quid
993 804 1175 849 coxerint,
1278 803 1302 837 5

190 858 325 907 Superi
342 857 516 894 incoenati
535 858 622 904 sint,
644 865 680 895 et
698 859 831 896 coenati
849 858 970 896 inferi.

190 911 264 948 Sed
284 912 397 948 verba
414 910 478 947 hic
496 910 605 957 facio,
626 911 735 961 quasi
754 913 882 961 negoti
902 912 956 948 nil
976 912 1057 958 siet,

192 963 473 1014 Rapacidarum
492 964 559 1001 ubi
580 972 730 1002 tantum
750 965 819 1002 siet
837 965 875 1001 in
898 965 1056 1002 aedibus.

432 1123 615 1162 ACTUS
636 1124 698 1163 II.
756 1125 939 1163 SCENA
958 1124 1060 1163 VII.

511 1231 700 1268 Eueno.
757 1230 984 1270 CONGRIO.

192 1340 290 1376 Eue.
311 1339 429 1376 Volui
444 1339 615 1376 animum
629 1338 782 1376 tandem
798 1339 1020 1377 confirmare
1033 1340 1146 1379 hodie
1157 1351 1301 1387 meum,

189 1392 259 1429 Uti
279 1393 373 1429 bene
392 1392 570 1430 haberem
589 1392 682 1430 filiai·
699 1393 739 1429 in
758 1393 912 1442 nuptiis.

192 1445 316 1483 Venio
335 1445 384 1482 ad
403 1445 621 1492 macellum,
641 1445 763 1495 rogito
781 1446 925 1496 pisceis,
987 1445 1162 1484 Indicant

193 1497 325 1542 Caros,
345 1499 527 1548 agninam
546 1511 687 1544 caram,
709 1510 833 1535 caram
852 1500 1053 1546 bubulam,

190 1551 423 1597 Vitulinam,
446 1559 584 1594 cetum,
603 1551 796 1601 porcinam
811 1566 823 1598 3
852 1564 938 1590 cara
956 1553 1108 1590 omnia:
1278 1560 1302 1594 5

190 1605 324 1655 Atque
344 1617 387 1641 eo
406 1604 561 1642 fuerunt
580 1604 734 1651 cariora,
754 1617 803 1642 aes
821 1617 897 1643 non
916 1613 1007 1643 erat.

191 1659 300 1696 Abeo
318 1658 436 1695 iratus
455 1657 576 1704 illinc,
598 1657 779 1708 quoniam
798 1658 895 1696 nihil
914 1666 983 1704 est,
1005 1661 1073 1711 qui
1093 1673 1233 1701 emam.

190 1712 255 1749 Ita
271 1711 347 1747 illis
366 1711 526 1761 impuris
549 1711 726 1748 omnibus
746 1711 823 1749 adii
841 1724 1013 1750 manum.

190 1764 343 1802 Deinde
361 1771 510 1813 egomet
527 1777 680 1802 mecum
698 1765 860 1815 cogitare
877 1766 975 1804 inter
994 1766 1072 1805 vias

190 1817 332 1868 Occepi
348 1832 358 1855 ε
389 1818 503 1855 Festo
521 1817 581 1855 die
600 1818 630 1855 si
649 1817 741 1868 quid
760 1818 990 1869 prodegeris,
1202 1834 1205 1836 ·
1254 1823 1302 1861 10

189 1871 362 1909 Profesto
381 1883 488 1920 egere
505 1870 630 1918 liceat,
652 1871 724 1909 nisi
742 1874 962 1922 peperceris.

189 1925 400 1975 Postquam
419 1924 516 1961 hanc
534 1924 718 1962 rationem
737 1925 839 1962 cordi
857 1927 1053 1979 ventrique
1071 1928 1186 1978 edidi,

189 1977 356 2016 Accessit
371 1977 521 2015 animus
540 1977 588 2014 ad
606 1991 732 2016 meam
751 1980 989 2029 sententiam,

189 2031 322 2079 Quam
341 2030 502 2068 minimo
521 2039 651 2068 sumtu
669 2031 787 2069 filiam
806 2040 850 2070 ut
868 2041 1034 2085 nuptum
1052 2035 1194 2073 darem.

195 2086 236 2123 N
240 2097 313 2122 unc
333 2084 553 2123 thusculum
573 2085 663 2131 emi,
683 2092 720 2124 et
737 2085 848 2124 hasce
865 2099 1021 2127 coronas
1039 2089 1193 2128 floreas:
1218 2118 1235 2127 ,,
1255 2091 1305 2129 15
1328 2132 1331 2134 ,

193 2138 290 2177 Haec
308 2137 552 2190 imponentur
571 2138 611 2176 in
629 2139 711 2177 foco
730 2146 858 2178 nostro
877 2141 981 2188 Lari,
1230 2136 1233 2139 ’
1298 2141 1302 2147 ’
