1412 2427
339 55 741 97 CISTELLARIA.
770 55 845 94 IV.
876 57 912 92 2.
1104 53 1177 90 341

277 165 392 202 Lam.
418 165 460 203 Si
478 164 578 202 dicat
595 163 762 215 quidem.

484 219 612 256 Phan
641 217 744 267 Age,
763 217 917 268 loquere
936 225 992 265 tu,
1015 213 1108 267 quid
1126 213 1181 251 ibi

654 270 820 308 infuerit.
1129 267 1182 304 68

67 323 165 362 Hal.
196 293 414 376 Crepundia
432 338 521 363 una.

299 380 414 416 Lam.
442 378 515 416 Est
533 377 691 429 quidam
710 377 840 425 homo,
860 378 928 430 qui
946 376 1051 414 illam
1073 374 1127 412 ait
1145 387 1183 411 se

474 432 566 469 scire
585 432 652 469 ubi
672 431 730 469 sit.

67 484 168 522 Hal.
193 484 252 522 At
271 485 379 536 (pol)
399 486 463 523 ille
483 499 505 522 a
522 485 690 545 quadam
718 484 891 531 muliere,
911 484 943 522 si
961 495 1045 521 eam
1073 492 1183 518 mon-

227 546 330 585 stret,
351 539 512 589 gratiam
531 539 644 576 ineat.
1129 535 1181 578 70

67 592 182 630 Lam.
212 592 271 629 At
288 593 361 630 sibi
378 593 442 630 ille
461 592 618 644 quidam
636 591 715 629 volt
734 591 816 629 dari
833 589 1057 629 mercedem.

566 646 666 683 Hal.
692 645 752 683 At
770 646 877 697 (pol)
896 644 964 681 illa
982 641 1177 694 quaedam,

69 698 168 748 Quae
195 698 302 736 illam
335 698 518 737 cistellam
547 698 724 750 perdidit,
751 699 932 750 quoidam
961 704 1075 747 negat
1108 707 1187 733 esse

231 752 334 803 quod
352 752 427 790 det.

68 806 184 843 Lam.
215 806 275 843 At
293 806 395 844 enim
413 805 477 843 ille
496 805 653 857 quidam
673 813 874 856 argentum
894 804 1051 856 expetit

318 860 418 897 Hal.
449 860 507 896 At
526 859 785 910 nequidquam
805 865 1005 910 argentum
1025 856 1183 907 expetit.

74 913 183 951 Lam.
212 913 272 950 At
292 912 402 964 (pol)
423 913 488 950 ille
507 913 678 964 quidam,
699 913 850 961 mulier,
871 912 911 950 in
938 911 1048 948 nulla
1065 923 1180 962 opera

228 966 394 1016 gratuita
410 967 468 1004 ’.st

71 1020 202 1057 Phan.
232 1019 444 1058 Commoda
470 1018 662 1070 loquelam
690 1026 822 1057 tuam:
864 1017 933 1056 tibi
966 1029 1069 1055 nunc
1097 1029 1187 1068 pro-

231 1073 339 1110 derit.
395 1072 633 1111 Confitemur
1131 1071 1183 1114 75

72 1125 268 1165 Cistellam
289 1125 440 1164 habere.

188 1181 289 1218 Hal.
315 1181 374 1217 At
392 1192 457 1217 vos
475 1178 587 1217 Salus
604 1180 778 1217 servassit
794 1193 804 1217 :
835 1178 904 1216 ubi
921 1191 966 1216 ea
983 1189 1086 1216 nunc
1105 1176 1189 1216 est?

67 1233 200 1271 Phua.
231 1232 384 1271 Salvam
404 1245 541 1271 eccam.
573 1233 648 1271 Sed
667 1245 737 1283 ego
756 1245 836 1271 rem
857 1244 984 1270 meam
1003 1243 1187 1282 magnam

230 1286 464 1324 confabulari

69 1339 219 1378 Tecum
238 1339 335 1378 volo.
390 1340 540 1379 Sociam
565 1347 602 1378 te
619 1339 716 1378 mihi
734 1339 874 1390 adopto
892 1338 941 1376 ad
970 1351 1099 1376 meam
1127 1350 1186 1376 sa-

231 1392 364 1431 lutem.

69 1447 169 1485 Hal.
199 1445 308 1494 Quid
328 1447 427 1485 istuc
445 1448 574 1497 negoti
589 1447 664 1484 'st?
693 1454 760 1485 aut
778 1446 865 1498 quis
884 1446 951 1485 es?

560 1501 690 1539 ΡΙιαη.
718 1500 805 1551 Ego
825 1513 911 1538 sum
929 1499 1032 1538 illius
1050 1505 1187 1546 mater,

68 1551 170 1601 Quae
187 1553 268 1592 haec
285 1554 491 1605 gestitavit.

257 1609 359 1651 Hal.
387 1607 552 1646 Hiccine
570 1615 612 1644 tu
631 1619 719 1658 ergo
737 1606 916 1645 habitas?

728 1661 859 1698 ΡΙιαη.
890 1659 1104 1697 Hariolare.
1137 1659 1190 1696 80

71 1712 148 1752 Sed
164 1712 328 1765 (quaeso)
344 1714 537 1764 ambages,
557 1714 708 1760 mulier,
727 1713 852 1759 mitte,
872 1721 987 1764 atque
1004 1712 1077 1751 hoc
1094 1724 1164 1764 age
1178 1725 1191 1756 ς

71 1767 277 1818 Eloquere,
297 1767 399 1805 unde
417 1766 498 1805 haec
517 1774 605 1805 sunt
624 1767 708 1813 tibi,
728 1767 815 1813 cito,
836 1766 1055 1818 crepundia.

76 1822 175 1858 Hal.
205 1819 297 1858 Mea
315 1819 396 1858 haec
413 1819 542 1859 herilis
559 1820 750 1872 gestitavit
768 1820 860 1858 filia.

77 1875 178 1911 Lam
219 1873 398 1911 Mentiris
412 1887 423 1909 ι
453 1885 544 1912 narn
562 1887 648 1912 mea
665 1874 872 1925 gestitavit,
888 1885 965 1911 non
986 1880 1066 1911 tua.

79 1928 209 1964 Phan-
238 1927 278 1965 N
282 1940 302 1965 e
320 1927 536 1977 obloquere.

291 1981 404 2018 Lam.
433 1979 573 2018 Taceo.

502 2035 630 2072 Plum.
664 2034 823 2081 Mulier,
843 2047 956 2085 perge
975 2033 1106 2071 dicere.
1141 2034 1192 2069 85

77 2087 157 2126 Ubi
178 2099 222 2125 ea
237 2085 299 2135 ’st,
318 2100 405 2138 quae
422 2086 613 2138 gestitavit
625 2088 643 2123 ’ἓ

704 2142 803 2178 Hal.
837 2141 916 2178 Hic
934 2141 973 2178 in
993 2140 1197 2191 proxumo.
