1412 2427
332 60 661 100 CAPTEIVEI.
677 83 726 89 ——
739 61 1054 100 PROLOGUS.
1168 61 1246 97 225

144 168 400 207 Reconciliare
419 176 462 206 ut
479 167 626 206 facilius
643 174 768 217 posset
786 167 960 215 domum,
1202 167 1254 204 33

143 223 252 260 Emit
268 222 379 260 hosce
396 221 444 260 de
461 220 590 272 praeda
609 221 741 259 ambos
754 220 800 258 de
819 222 1082 272 quaestoribus.

143 275 242 316 Hice
259 283 388 314 autem
405 275 502 313 inter
519 287 596 312 sese
613 274 715 312 hunc
733 273 997 312 confinxerunt
1015 274 1161 321 dolum,
1200 274 1253 311 35

140 328 232 376 Quo
249 336 358 380 pacto
376 328 439 366 hic
457 341 586 367 servus
604 340 718 366 suum
742 327 879 365 herum
903 327 993 366 hinc
1014 328 1164 365 amittat
1187 326 1254 365 do-

301 395 422 420 mum.

140 435 279 486 Itaque
296 435 394 474 inter
411 449 451 474 se
469 443 707 473 commutant
724 441 865 473 vestem
885 442 922 474 et
939 434 1108 473 nomina.

142 489 231 527 Illic
250 496 403 527 vocatur
423 488 669 536 Philocrates,
688 489 751 526 hic
771 488 987 540 Tyndarus.

140 542 272 591 Hujus
290 542 382 589 illic,
402 542 463 581 hic
481 542 598 589 illius,
617 542 729 580 hodie
747 542 818 580 fert
835 541 1058 592 imaginem.

140 596 194 633 Et
207 595 270 633 hic
287 595 400 633 hodie
419 595 593 647 expediet
610 595 709 633 hanc
726 595 834 634 docte
851 595 1067 640 fallaciam3
1201 595 1253 631 40

140 649 195 687 Et
213 661 326 687 suum
344 649 479 687 herum
497 649 608 687 faciet
625 649 808 687 libertatis
825 656 1052 699 compotem.

139 701 364 753 Eodemque
381 710 493 754 pacto
511 702 667 740 fratrem
685 701 846 740 servabit
863 715 992 750 suum,

142 755 417 807 Reducemque
434 755 545 794 faciet
562 756 727 794 liberum
744 755 785 793 in
798 756 961 806 patriam
980 756 1029 794 ad
1047 763 1210 807 patrem,

138 808 396 860 Imprudens;
425 809 557 847 itidem
576 817 619 847 ut
638 822 736 860 saepe
750 811 832 858 jam
850 808 890 846 in
909 809 1042 847 multis
1059 808 1153 847 locis

138 862 236 899 Plus
253 862 413 901 insciens
432 863 517 914 quis
535 863 637 906 fecit,
659 875 775 913 quam
790 862 971 913 prudens,
990 863 1092 901 boni.
1201 863 1252 899 45

140 915 230 963 Sed,
249 915 462 961 inscientes,
480 917 549 954 sua
568 916 640 954 sibi
658 915 808 954 fallacia

139 968 203 1006 Ita
222 970 491 1020 compararunt
509 978 546 1007 et
563 969 827 1008 confinxerunt
844 969 975 1008 dolum
990 983 1002 1016 ;

139 1022 297 1074 Ita-que
315 1023 355 1060 hi
374 1023 580 1061 commenti
598 1023 645 1060 de
664 1022 733 1060 sua
752 1023 952 1070 sententia,

138 1076 196 1113 Ut
213 1076 254 1112 in
273 1076 452 1114 servitute
468 1075 530 1114 hic
549 1076 597 1114 ad
615 1089 729 1114 suum
748 1085 901 1114 maneat
918 1084 1079 1127 patrem.

138 1129 201 1166 Ita
219 1141 321 1167 nunc
339 1129 515 1180 ignorans
534 1142 603 1167 suo
621 1129 693 1167 sibi
711 1129 823 1167 servit
840 1130 952 1180 patri.
1196 1132 1249 1167 50

139 1182 378 1221 Homunculi
397 1183 530 1234 quanti
549 1191 637 1221 sunt
653 1183 662 1220 !
694 1195 811 1234 quom
831 1184 1009 1234 recogito.

139 1235 237 1273 Haec
255 1248 313 1273 res
331 1244 465 1286 agetur
482 1237 605 1283 nobis,
626 1237 731 1275 vobis
749 1236 894 1275 fabula.

137 1289 212 1327 Sed
232 1289 345 1327 etiam
364 1290 425 1338 'st,
445 1289 575 1339 paucis
593 1302 658 1328 vos
677 1290 780 1341 quod
798 1290 962 1329 monitos
982 1290 1178 1329 voluerim.

139 1342 314 1380 Profecto
333 1343 509 1394 expediet
527 1343 668 1382 fabulae
684 1343 773 1381 huic
791 1356 944 1394 operam
963 1344 1063 1382 dare.

135 1395 228 1433 Non
243 1404 465 1447 pertractate
483 1396 582 1435 facta
596 1397 656 1444 'st,
674 1409 797 1448 neque
814 1398 907 1435 item
925 1405 969 1435 ut
987 1405 1155 1436 caeterae:
1199 1400 1251 1436 55

135 1449 276 1500 Neque
295 1449 496 1500 spurcidici
514 1450 646 1488 insunt
664 1463 793 1488 versus
815 1450 1145 1490 immemorabile&

135 1502 217 1540 Hic
235 1515 359 1554 neque
371 1504 546 1554 perjurus
563 1503 650 1542 leno
662 1504 722 1551 ’st,
743 1515 811 1542 nec
828 1504 1008 1542 meretrix
1025 1505 1141 1553 mala,

134 1556 275 1607 Neque
292 1556 402 1595 miles
419 1556 616 1607 gloriosus-
656 1558 697 1595 N
701 1570 720 1595 e
738 1557 956 1603 vereamini,
1036 1578 1040 1581 ·

134 1608 241 1656 Quia
256 1610 403 1648 bellum
422 1610 564 1648 AEtolis
582 1623 660 1649 esse
679 1610 760 1649 dixi
773 1623 861 1649 cum
876 1610 1005 1649 Aliis.

134 1663 168 1700 F
171 1674 244 1701 ons
261 1663 340 1701 illic
357 1670 465 1701 extra
482 1676 635 1702 scenam
653 1663 745 1702 fient
762 1664 905 1715 proelia.
1193 1667 1246 1704 60

135 1716 240 1753 Nam
259 1715 331 1754 hoc
348 1729 456 1767 paene
473 1717 651 1768 iniquum
673 1717 721 1756 'st
739 1718 882 1756 comico
901 1717 1091 1770 choragio,

134 1769 274 1808 Conari
292 1769 465 1808 desubito
482 1782 551 1809 nos
568 1784 679 1821 agere
696 1771 931 1822 tragoediam.

135 1823 268 1868 Proin,
288 1823 319 1860 si
338 1823 423 1873 quis
440 1836 612 1874 pugnam
631 1832 836 1875 exspectat,
854 1825 940 1863 lites
958 1824 1176 1864 contrahat·
1166 1840 1176 1864 :

134 1875 396 1914 Valentiorem
414 1886 546 1914 nactus
564 1877 819 1915 adversarium

133 1929 179 1969 Si
194 1929 278 1976 erit,
299 1941 369 1979 ego
380 1929 531 1977 faciam,
547 1938 590 1968 ut
609 1943 779 1982 pugnam
794 1931 976 1982 inspectet
992 1944 1070 1971 non
1088 1934 1244 1979 bonam,

133 1983 247 2021 Adeo
264 1991 308 2020 ut
326 1991 491 2033 spectare
509 1991 639 2033 postoe.
657 1984 802 2022 omneis
820 1985 952 2025 oderit.
1193 1987 1244 2023 66

133 2037 258 2075 Abeo.
304 2036 453 2083 Valete,
469 2036 616 2085 judicos
630 2038 844 2086 justissumi

133 2088 268 2140 Domi,
286 2089 452 2141 bellique
465 2089 689 2130 duellatores
706 2091 870 2142 optumi.
