1412 2427
127 41 179 77 34
418 42 793 83 AMPHITRUO.
819 44 880 82 11.
907 48 946 82 2.

127 146 232 184 Nam
250 146 400 186 dudum
418 156 506 187 ante
524 149 647 188 lucem
666 158 703 188 et
721 150 847 189 istunc
865 158 902 189 et
920 158 957 188 te
976 151 1068 188 vidi.

695 204 840 253 Amph.
870 203 961 251 Quo
978 204 1019 241 in
1037 204 1120 242 loco
1136 205 1154 241 Ρ
1184 204 1236 246 67

124 253 212 290 Alc.
242 253 334 302 Hic,
356 255 394 292 in
414 255 572 304 aedibus,
592 256 660 294 ubi
677 264 721 294 tu
738 256 900 295 habitas.

459 310 603 359 Amph.
634 310 848 360 Nunquam
867 310 1011 347 factum
1032 309 1093 348 'st.

876 365 959 401 Sos.
989 364 1031 400 N
1032 375 1082 400 on
1099 370 1200 401 taces
1215 365 1232 401 ἒ

124 412 233 460 Quid
251 414 283 452 si
301 427 320 451 e
338 421 449 464 portu
469 416 575 453 navis
593 416 669 454 huc
686 428 755 454 nos
780 416 1019 454 dormienteis
1037 415 1202 454 detulit?

122 468 269 517 Amph.
298 467 429 505 Etiam
448 476 489 506 tu
510 482 663 520 quoque
681 470 877 507 assentaris
894 469 983 506 huic
1000 471 1017 507 ?

709 524 792 560 Sos.
823 521 931 569 Quid
950 521 1006 559 vis
1025 521 1135 560 fieri.
1126 524 1144 549 ⁹
1181 523 1233 566 70

123 574 214 611 Non
229 581 271 611 tu
291 575 374 621 scis,
395 575 559 613 Bacchae
575 575 774 613 bacchanti
792 576 824 613 si
843 575 934 613 velis
953 574 1194 623 advormier,

120 627 215 664 Ex'
205 628 338 665 msana
356 628 583 666 insaniorem
602 629 741 674 facies;
770 628 878 666 feriet
895 628 1056 679 saepius:

124 680 167 719 Si
185 682 404 733 obsequare,
426 694 504 720 una
521 682 685 720 resolvas
703 682 832 733 plaga.
1170 692 1176 696 ”

573 736 718 786 Amph.
750 736 808 772 At
829 733 930 785 (pol)
951 736 1044 786 quin
1063 741 1163 773 certa
1176 747 1234 772 res

125 786 238 825 Hanc
256 794 312 825 eet
328 789 541 839 objurgare,
570 802 656 839 quae
673 801 735 826 me
752 788 864 826 hodie
882 788 1143 826 advenientem
1167 787 1235 825 do-

284 853 392 878 mum

126 894 306 933 Noluerit
324 895 497 932 salutare.

454 950 537 986 Sos.
567 949 739 986 Irritabis
756 950 986 987 crabrones.»
1022 957 1033 975 r
1055 967 1058 974 ι
1169 962 1176 965 -

857 1002 1004 1052 Amph.
1035 1001 1151 1040 Tace.
1179 1002 1231 1046 75

122 1054 354 1101 Alcumena,
374 1065 497 1091 unum
515 1066 646 1104 rogare
665 1061 702 1092 te
719 1055 816 1092 volo

637 1108 717 1145 Alc.
748 1107 855 1154 Quid
875 1107 931 1145 vis
943 1107 1104 1157 rogare?
1132 1120 1236 1158 roga.

123 1159 261 1209 Amph.
290 1159 401 1197 Num
429 1160 498 1198 tibi
523 1168 590 1198 aut
615 1160 773 1198 stultitia
797 1160 964 1207 accessit,
991 1168 1059 1198 aut
1082 1169 1235 1213 superat

281 1224 326 1250 su
379 1212 482 1251 rbia.
473 1215 490 1239 ⁹

121 1266 210 1305 Alc.
239 1225 465 1345 Quipgtuoc
454 1278 494 1303 m
517 1274 684 1305 mentem
712 1274 767 1305 est
791 1267 876 1314 tibi,
901 1267 955 1305 mi
982 1267 1052 1313 vir,
1075 1279 1233 1319 percon-

280 1326 394 1356 tanet
411 1349 420 1356 .

120 1373 267 1422 Amph.
295 1371 400 1462 {huia
425 1372 585 1410 salutare
616 1372 877 1411 advenientem
905 1385 968 1411 me
995 1373 1138 1411 solebas
1166 1385 1237 1410 an-

118 1433 337 1568 Appellassel
353 1438 498 1525 iffdem,
527 1485 571 1516 ut
597 1477 745 1529 pudicae
772 1491 860 1517 suos
887 1477 1000 1526 viros,
1020 1492 1106 1530 quae
1125 1488 1230 1525 sunt,

281 1544 321 1569 so
338 1539 415 1569 ent.
1174 1534 1227 1570 80

119 1585 182 1623 Eo
199 1597 304 1623 more
315 1591 507 1634 expertem
526 1591 563 1622 te
576 1583 713 1622 factam
732 1583 935 1623 adveniens
955 1585 1095 1623 offendi
1113 1585 1231 1624 domi.

121 1639 210 1676 Alc.
238 1639 410 1686 Ecastor,
431 1637 607 1689 equidem
626 1644 663 1676 te
681 1645 781 1676 certo
799 1638 881 1676 heri
899 1638 1162 1677 advenientem
1181 1639 1229 1676 il-

280 1691 353 1729 lico

114 1744 171 1783 Et
188 1743 363 1792 salutavi.
383 1750 434 1790 et,
454 1743 681 1782 valuissesne
699 1757 834 1796 usque,
853 1745 1039 1796 exquisivi
1058 1746 1190 1789 simul

115 1797 180 1836 Mi
198 1798 278 1835 vir·
309 1804 346 1835 et
363 1809 523 1834 manum
540 1797 737 1846 prehendi,
757 1806 794 1836 et
812 1798 984 1836 osculum
1005 1798 1114 1836 tetuli
1136 1799 1218 1837 tibi.

119 1852 202 1889 Sos.
234 1851 337 1889 Tun'
352 1850 433 1888 heri
451 1850 554 1888 hunc
573 1851 805 1889 salutavisti.
794 1851 812 1876 '³

453 1905 542 1942 Ale.
570 1904 626 1942 Et
642 1911 681 1942 te
698 1917 851 1956 quoque
869 1905 999 1952 etiam,
1020 1905 1139 1943 Sosia.
1171 1907 1222 1942 85

115 1959 200 1997 Sos.
236 1956 487 2009 Amphitruo,
515 1957 661 2008 speravi
687 1970 757 2008 ego
784 1959 896 1997 istam
924 1958 992 1997 tibi
1018 1958 1227 2010 parituram

271 2012 396 2049 filium
411 2025 421 2048 :

112 2065 258 2104 Verum
279 2077 354 2103 non
374 2072 428 2102 &st
447 2077 564 2115 puero
583 2064 750 2114 gravida.

558 2119 707 2168 Amph.
736 2117 844 2166 Quid
861 2119 979 2170 igitur
993 2122 1011 2158 ἓ

935 2174 1017 2211 Sos.
1049 2171 1223 2211 Insania.
