1412 2427
153 28 204 65 40
444 30 815 73 AMPHITRUO.
844 34 902 72 Π.
931 37 970 73 2.

536 137 613 176 Sos.
639 139 746 187 Quid
764 140 832 178 tibi
852 139 930 179 ’st?

718 195 862 243 Amph.
893 193 994 232 Perii
1010 191 1146 230 miser!
1180 191 1256 234 178

151 243 256 292 Quia
283 243 474 296 pudicitiae
507 244 623 294 hujus
657 245 793 284 vitium
823 259 885 284 me
916 247 981 284 hic
1015 247 1167 283 absente
1197 249 1255 281 est

149 352 235 390 Alc.
274 299 665 402 Οἷῖἓισξιὲξῌὶεωεωτ)
696 364 762 389 cur
793 352 905 399 istuc,
942 352 997 390 mi
1033 352 1104 399 vir,
1138 363 1184 388 ex
1217 357 1257 387 te

311 405 451 442 audio?
1178 403 1254 439 180

148 459 292 508 Amph.
313 458 386 495 Vir
403 469 473 517 ego
491 464 579 495 tuus
604 458 675 495 sim
690 460 708 496 ‚⁹
736 470 783 497 ne
800 471 862 497 me
880 457 1030 509 appella
1047 457 1142 494 falsa
1159 455 1257 492 falso

309 523 474 548 nomme.

149 564 225 602 Sos.
255 564 387 602 Haeret
410 564 490 601 haec
508 576 585 609 res;
616 564 802 615 siquidem
819 564 900 602 haec
914 565 996 612 jam
1014 562 1152 601 mulier
1177 560 1257 599 fac-

308 626 347 655 ta
366 616 412 654 'st
431 629 477 654 ex
496 616 586 654 viro.

146 672 234 709 Alc.
265 670 372 718 Quid
389 683 458 720 ego
474 669 557 717 feci,
579 683 654 721 qua
678 670 778 708 istaec
795 677 947 721 propter
964 669 1064 707 dicta
1081 668 1256 706 dicantur

305 723 401 761 mihi
414 726 432 761 :³

144 778 290 827 Amph.
321 777 424 814 Tute
443 776 580 815 edictas
602 776 701 814 facta
718 783 807 814 tua:
839 789 886 814 ex
912 789 974 815 me
991 775 1142 827 quaeris,
1162 773 1255 825 quid

305 829 504 881 deliqueris
518 829 535 865 Ρ

145 884 233 921 Alc.
257 882 364 930 Quid
375 896 442 933 ego
456 884 525 922 tibi
539 883 694 935 deliqui,
707 883 753 931 si,
769 883 859 934 quoi
876 890 996 934 nupta
1013 894 1114 929 sum,
1130 887 1254 970 teclum

308 936 364 973 fui
379 938 395 974 ἓ
1204 935 1256 971 85

145 989 292 1039 Amph.
327 988 432 1027 Tun'
454 1002 606 1026 mecum
629 990 743 1028 fueris
757 992 775 1029 Ρ
804 989 898 1040 quid
922 989 1010 1027 illac
1033 987 1255 1038 impudente

308 1042 487 1080 audacius
502 1045 518 1080 ?

149 1095 292 1133 Saltem
313 1102 406 1139 tute,
428 1096 458 1134 si
475 1095 632 1145 pudoris
651 1109 772 1146 egeas,
794 1108 921 1133 sumas
940 1102 1133 1134 mutuum.

146 1150 232 1186 Ale.
265 1149 369 1186 Istuc
387 1149 545 1196 facinus,
565 1149 668 1200 quod
687 1158 728 1186 tu
751 1148 965 1196 insimulas,
984 1156 1113 1186 nostro
1129 1147 1258 1199 generi

307 1213 382 1239 non
403 1202 519 1240 decet.

148 1255 211 1292 Tu
231 1255 261 1293 si
280 1267 341 1293 me
359 1255 604 1305 impudicitiae
622 1262 763 1306 captas,
782 1267 858 1292 non
877 1261 983 1304 potes
1002 1267 1146 1305 capere.

146 1309 292 1358 Amph.
318 1309 394 1346 Pro
412 1308 481 1345 Dii
504 1308 759 1346 immortales!
791 1306 1017 1358 cognosci'n’
1038 1315 1081 1345 tu
1099 1320 1162 1346 me
1181 1307 1255 1345 sal-

302 1369 394 1407 tem,
416 1361 552 1399 Sosia?
1176 1361 1254 1398 190

145 1414 226 1452 Sos.
252 1414 550 1464 Propemodum.

346 1468 490 1515 Amph.
523 1467 715 1505 Coenavin'
735 1479 804 1517 ego
821 1466 903 1504 heri
919 1466 960 1503 in
977 1466 1066 1504 navi
1084 1466 1124 1504 in
1141 1473 1254 1518 portu

414 1518 564 1558 Persico
577 1522 594 1557 ?

145 1575 232 1612 Alc.
261 1572 366 1611 Mihi
384 1585 535 1623 quoque
553 1579 684 1610 assunt
701 1579 826 1620 testes,
846 1572 913 1623 qui
930 1572 1040 1621 illud,
1061 1572 1164 1623 quod
1183 1586 1253 1624 ego

305 1626 444 1672 dicam,
464 1626 678 1663 assentiant.

145 1680 224 1717 Sos.
246 1699 262 1717 i
271 1678 497 1729 *escio-quid
509 1679 606 1716 istuc
620 1679 747 1728 negoti
759 1678 896 1724 dicam,
912 1679 984 1716 nisi
998 1678 1187 1730 quispiam
1203 1679 1252 1717 ’st

141 1732 379 1783 Amphitruo
398 1731 506 1779 alius,
528 1731 594 1782 qui
613 1731 708 1769 forte
726 1740 762 1768 te
779 1731 844 1768 hic
861 1733 1013 1769 absente
1031 1740 1159 1769 tamen

144 1786 274 1824 Tuam
292 1797 373 1822 rem
387 1792 504 1832 curet,
518 1791 631 1834 teque
644 1786 809 1833 absente,
827 1783 892 1822 hic
909 1797 1050 1822 munus
1064 1784 1250 1834 fungatur

302 1847 413 1876 tuum
428 1851 438 1874 ε
1173 1838 1187 1874 l
1197 1839 1249 1877 95

141 1892 323 1943 Namque
340 1891 387 1928 de
404 1890 470 1928 illo
488 1889 676 1928 subditivo
693 1890 801 1929 Sosia
818 1890 960 1929 mirum
979 1891 1095 1929 nimis
1113 1898 1180 1929 est.

141 1946 251 1984 Certe
269 1945 316 1983 de
333 1944 427 1982 istoc
445 1944 729 1993 Amphitruone
743 1945 825 1993 jam
843 1944 1007 1982 alterum
1032 1945 1175 1982 mirum
1196 1943 1245 1982 'st

299 2011 339 2035 m
405 2010 434 2034 s.

141 2010 404 2102 Nescio-quai}l
399 2050 647 2102 praestigiator
665 2049 761 2089 hanc
779 2050 979 2089 frustratur
997 2049 1210 2088 mulierem.
