1412 2427
180 35 254 74 166
383 37 721 77 BACCHIDES.
750 37 786 75 1.
815 35 1080 89 [Supposita]

601 192 787 232 ACTUS
817 193 851 231 Ι.

458 299 785 337 P1sTocLERUS.
833 298 1005 337 Lvnns.

181 405 284 441 Pist.
317 402 384 442 Dii
395 405 650 465 immortales!
672 413 716 444 ut
731 405 861 450 sentio,
879 403 982 456 quod
994 403 1138 442 sentio!
1161 400 1282 453 quid?

340 469 475 496 nesclo.

180 511 292 549 Stans
310 510 440 561 fugio:
471 512 600 550 nullus
618 519 673 550 est
690 512 814 563 ignis3
845 519 881 550 et
899 518 1000 549 totus
1018 509 1142 548 ardeo.

179 563 286 610 Quid
304 564 358 612 id,
378 564 450 602 nisi
468 566 596 603 navim
607 565 625 601 Ρ
654 566 812 603 Novum
830 565 996 616 profecto
1013 563 1161 601 malum

180 616 304 654 Video
322 625 359 655 et
377 618 508 656 sentio.
538 618 694 656 Potisne
713 625 769 656 est
787 626 898 665 terra,
917 624 962 655 ut
980 623 1074 655 terat
1090 614 1286 654 hominem

180 669 311 721 Atque
330 673 568 721 prosternat?
599 671 710 709 hodie
730 671 785 709 nil
806 679 940 723 praeter
961 676 1100 708 terram
1126 676 1165 708 et
1186 668 1287 707 Bac-

339 723 449 762 cham
468 724 596 775 tetigi:
1261 722 1286 757 5

181 775 219 815 Si
249 776 481 880 Baccghlizlactest
509 777 605 826 haec,
629 789 705 816 non
730 777 850 816 nutrit
875 775 1045 825 Baccha,
1067 787 1200 815 verum
1221 775 1285 825 ju-

178 883 213 920 E
234 881 330 920 terra
348 896 498 934 quoque
515 885 692 935 obrepere
709 884 801 923 olim
820 883 1000 922 dixerunt
1016 881 1207 928 homines,

180 935 261 982 Qui
279 936 372 973 dum
391 939 542 984 norant,
563 950 680 988 quom
699 949 778 975 esse
796 943 989 987 cuperent,
1009 942 1115 974 erant
1132 933 1241 972 nihil.

178 988 286 1036 Quid
304 989 396 1026 mali
411 989 509 1027 hoc?
537 1002 585 1028 an
608 989 720 1038 terra,
743 1001 792 1027 an
814 989 983 1038 Baccha,
1009 987 1168 1027 fecimus
1190 998 1286 1025 nau-

425 1042 433 1050 “
515 1043 533 1065 9

180 1095 282 1145 Lyd.
302 1041 504 1134 Asszgtffp
512 1071 625 1148 ciuem
645 1095 768 1145 video,
784 1094 967 1134 nimirum
986 1093 1017 1133 si
1034 1093 1076 1132 id
1093 1100 1164 1142 est,
1183 1090 1286 1144 quod

339 1148 547 1188 emissicius
1238 1145 1288 1183 10

179 1202 292 1248 Fora,
312 1203 468 1253 templa,
490 1203 649 1250 theatra,
669 1203 850 1253 porticus,
869 1200 1014 1240 omneis
1030 1199 1208 1248 fornices,

180 1255 335 1301 Lustra,
352 1262 388 1293 et
406 1256 595 1294 lustraleis
613 1256 768 1294 cellulas
787 1254 976 1307 quaesierit
993 1253 1137 1293 sedulo.

180 1309 283 1346 Pist.
318 1308 540 1358 Naufragus
558 1321 658 1357 sum,
677 1309 808 1348 fateor.
851 1307 1040 1354 Bacchus,
1055 1304 1161 1345 haud
1179 1305 1288 1357 Nep-

339 1370 470 1410 tunus,
486 1363 647 1400 celocem

179 1414 293 1452 Hanc
310 1413 487 1465 impeHit,
506 1415 598 1466 agit,
613 1423 777 1466 quassat,
797 1414 916 1453 immo
934 1412 1085 1464 frangit,
1100 1410 1285 1449 distrahit.

179 1468 283 1517 Lyd.
310 1468 471 1506 Bacchis
489 1468 579 1506 hinc
599 1469 804 1519 procellam
827 1467 998 1506 concitat.
1053 1465 1201 1503 Actum
1213 1463 1284 1502 'stt

338 1520 571 1571 perdidimus
589 1521 806 1571 remigium.
1238 1517 1287 1554 15

181 1576 286 1612 Pist.
314 1573 494 1611 Referam
512 1586 574 1611 me
592 1573 641 1611 ad
663 1573 878 1625 scopulum,
902 1578 946 1611 ut
967 1571 1050 1610 istic
1072 1583 1161 1610 cum
1179 1576 1289 1609 aetate

338 1639 418 1664 rem
437 1625 634 1677 perduam.

179 1680 374 1717 Instabilis
404 1687 458 1716 est
483 1692 560 1717 sors
588 1692 739 1718 rerum:
770 1693 837 1732 pro
863 1678 1033 1717 lubidine
1061 1677 1139 1716 fata
1167 1684 1288 1729 agunt

339 1732 519 1769 homines.

179 1786 279 1836 Ego,
297 1786 390 1822 dum
411 1786 531 1823 amico
550 1785 786 1824 Mnesilocho
805 1799 959 1837 operam
978 1784 1167 1835 impertio,

178 1839 245 1876 Iui
263 1839 424 1876 amicam
443 1839 576 1889 reperi,
595 1839 663 1877 ubi
680 1847 807 1891 pereat
825 1852 912 1878 cum
931 1851 972 1876 re
989 1837 1165 1881 assiduo;

178 1892 233 1930 Et
250 1891 549 1952 mihi,.meaeque
567 1892 681 1937 aetati,
706 1893 834 1944 reique
851 1905 959 1941 meae,
978 1890 1107 1943 peperi
1124 1887 1284 1928 infortu-

178 1999 220 2038 Si
239 1999 316 2037 volt
337 1957 506 2089 Ῑιέιιιιξῖἆο,
534 1998 746 2038 adolescens
769 2011 878 2037 sum:
909 1997 1010 2037 aetati
1026 1996 1114 2036 licet
1131 1943 1286 2046 plusc2uo-

357 2064 423 2089 um

179 2106 208 2143 J
209 2112 348 2143 acturae
367 2104 487 2144 facere
502 2119 511 2142 :
533 2105 683 2154 melius,
704 2113 747 2143 ut
760 2105 799 2143 id
817 2118 920 2144 nunc
938 2104 1016 2150 fiat,
1034 2114 1150 2155 quam
1168 2100 1282 2141 senio.
