<?xml version="1.0" encoding="UTF-8"?>
<!DOCTYPE html PUBLIC "-//W3C//DTD XHTML 1.0 Transitional//EN"
    "http://www.w3.org/TR/xhtml1/DTD/xhtml1-transitional.dtd">
<html xmlns="http://www.w3.org/1999/xhtml" xml:lang="en" lang="en">
 <head>
  <title>
</title>
<meta http-equiv="Content-Type" content="text/html;charset=utf-8" />
  <meta name='ocr-system' content='tesseract 3.04.00' />
  <meta name='ocr-capabilities' content='ocr_page ocr_carea ocr_par ocr_line ocrx_word'/>
</head>
<body>
  <div class='ocr_page' id='page_1' title='image "./comoediaesupers01plauuoft_0061.png"; bbox 0 0 1412 2427; ppageno 0'>
   <div class='ocr_carea' id='block_1_1' title="bbox 270 65 1229 120">
    <p class='ocr_par' dir='ltr' id='par_1_1' title="bbox 270 65 1229 120">
     <span class='ocr_line' id='line_1_1' title="bbox 270 65 1229 120; baseline 0 -11"><span class='ocrx_word' id='word_1_1' title='bbox 270 65 644 109; x_wconf 86' lang='lat' dir='ltr'><strong>AMPHITRUO.</strong></span> <span class='ocrx_word' id='word_1_2' title='bbox 675 66 751 106; x_wconf 87' lang='lat' dir='ltr'>IV.</span> <span class='ocrx_word' id='word_1_3' title='bbox 783 65 1051 120; x_wconf 58' lang='lat' dir='ltr'>[Sulmo-sitm]</span> <span class='ocrx_word' id='word_1_4' title='bbox 1177 74 1229 111; x_wconf 83' lang='lat'>53</span> 
     </span>
    </p>
   </div>
   <div class='ocr_carea' id='block_1_2' title="bbox 100 168 1228 1565">
    <p class='ocr_par' dir='ltr' id='par_1_2' title="bbox 100 168 1228 1565">
     <span class='ocr_line' id='line_1_2' title="bbox 111 168 1228 221; baseline -0.001 -7"><span class='ocrx_word' id='word_1_5' title='bbox 111 175 244 214; x_wconf 85' lang='lat' dir='ltr'><strong>Frater</strong></span> <span class='ocrx_word' id='word_1_6' title='bbox 267 173 445 212; x_wconf 84' lang='lat' dir='ltr'>trudebat</span> <span class='ocrx_word' id='word_1_7' title='bbox 474 171 630 209; x_wconf 85' lang='lat' dir='ltr'>fratrem</span> <span class='ocrx_word' id='word_1_8' title='bbox 655 168 765 209; x_wconf 68' lang='lat' dir='ltr'>hasta</span> <span class='ocrx_word' id='word_1_9' title='bbox 793 177 830 209; x_wconf 90' lang='lat' dir='ltr'>et</span> <span class='ocrx_word' id='word_1_10' title='bbox 858 171 994 221; x_wconf 66' lang='lat' dir='ltr'>galea:</span> <span class='ocrx_word' id='word_1_11' title='bbox 1024 180 1061 210; x_wconf 89' lang='lat' dir='ltr'>et</span> <span class='ocrx_word' id='word_1_12' title='bbox 1091 181 1228 213; x_wconf 86' lang='lat' dir='ltr'>nostrae</span> 
     </span>
     <span class='ocr_line' id='line_1_3' title="bbox 270 225 1222 275; baseline 0.001 -11"><span class='ocrx_word' id='word_1_13' title='bbox 270 235 462 265; x_wconf 88' lang='lat' dir='ltr'>auctorem</span> <span class='ocrx_word' id='word_1_14' title='bbox 482 225 606 275; x_wconf 88' lang='lat' dir='ltr'>gentis</span> <span class='ocrx_word' id='word_1_15' title='bbox 1172 229 1222 265; x_wconf 82' lang='lat'>16</span> 
     </span>
     <span class='ocr_line' id='line_1_4' title="bbox 110 278 1190 329; baseline -0.001 -9"><span class='ocrx_word' id='word_1_16' title='bbox 110 281 211 321; x_wconf 87' lang='lat' dir='ltr'>Cum</span> <span class='ocrx_word' id='word_1_17' title='bbox 230 280 394 319; x_wconf 89' lang='lat' dir='ltr'>Veneris</span> <span class='ocrx_word' id='word_1_18' title='bbox 413 278 491 317; x_wconf 64' lang='lat' dir='ltr'>filia</span> <span class='ocrx_word' id='word_1_19' title='bbox 509 278 665 329; x_wconf 86' lang='lat' dir='ltr'>angueis</span> <span class='ocrx_word' id='word_1_20' title='bbox 684 278 842 329; x_wconf 81' lang='lat' dir='ltr'>repsisse</span> <span class='ocrx_word' id='word_1_21' title='bbox 861 278 974 316; x_wconf 89' lang='lat' dir='ltr'>tellus</span> <span class='ocrx_word' id='word_1_22' title='bbox 992 278 1190 329; x_wconf 87' lang='lat' dir='ltr'>Epirotica</span> 
     </span>
     <span class='ocr_line' id='line_1_5' title="bbox 111 332 1225 383; baseline -0.001 -10"><span class='ocrx_word' id='word_1_23' title='bbox 111 334 234 374; x_wconf 83' lang='lat' dir='ltr'><strong>Vidit.</strong></span> <span class='ocrx_word' id='word_1_24' title='bbox 273 333 336 371; x_wconf 91' lang='lat' dir='ltr'>De</span> <span class='ocrx_word' id='word_1_25' title='bbox 355 345 507 371; x_wconf 88' lang='lat' dir='ltr'>summo</span> <span class='ocrx_word' id='word_1_26' title='bbox 533 344 707 370; x_wconf 84' lang='lat' dir='ltr'>summus</span> <span class='ocrx_word' id='word_1_27' title='bbox 729 332 885 383; x_wconf 84' lang='lat' dir='ltr'>Jupiter</span> <span class='ocrx_word' id='word_1_28' title='bbox 905 332 958 369; x_wconf 87' lang='lat' dir='ltr'>sic</span> <span class='ocrx_word' id='word_1_29' title='bbox 984 334 1140 370; x_wconf 84' lang='lat' dir='ltr'><strong>statuit:</strong></span> <span class='ocrx_word' id='word_1_30' title='bbox 1172 335 1225 372; x_wconf 89' lang='lat' dir='ltr'>sic</span> 
     </span>
     <span class='ocr_line' id='line_1_6' title="bbox 264 387 533 425; baseline -0.004 0"><span class='ocrx_word' id='word_1_31' title='bbox 264 387 388 425; x_wconf 89' lang='lat' dir='ltr'>fatum</span> <span class='ocrx_word' id='word_1_32' title='bbox 406 387 533 424; x_wconf 86' lang='lat' dir='ltr'>habet.</span> 
     </span>
     <span class='ocr_line' id='line_1_7' title="bbox 107 438 1224 493; baseline -0.003 -12"><span class='ocrx_word' id='word_1_33' title='bbox 107 440 274 493; x_wconf 85' lang='lat' dir='ltr'>optumi</span> <span class='ocrx_word' id='word_1_34' title='bbox 292 452 423 479; x_wconf 89' lang='lat' dir='ltr'>omnes</span> <span class='ocrx_word' id='word_1_35' title='bbox 442 447 638 488; x_wconf 82' lang='lat' dir='ltr'>nostrates,</span> <span class='ocrx_word' id='word_1_36' title='bbox 652 452 721 491; x_wconf 90' lang='lat' dir='ltr'>pro</span> <span class='ocrx_word' id='word_1_37' title='bbox 735 438 843 477; x_wconf 84' lang='lat' dir='ltr'>claris</span> <span class='ocrx_word' id='word_1_38' title='bbox 861 438 984 488; x_wconf 81' lang='lat' dir='ltr'>factis,</span> <span class='ocrx_word' id='word_1_39' title='bbox 998 438 1088 478; x_wconf 85' lang='lat' dir='ltr'>diris</span> <span class='ocrx_word' id='word_1_40' title='bbox 1102 453 1224 491; x_wconf 85' lang='lat' dir='ltr'>agun-</span> 
     </span>
     <span class='ocr_line' id='line_1_8' title="bbox 266 494 468 532; baseline 0 0"><span class='ocrx_word' id='word_1_41' title='bbox 266 502 328 532; x_wconf 83' lang='lat' dir='ltr'>tur</span> <span class='ocrx_word' id='word_1_42' title='bbox 345 494 468 532; x_wconf 86' lang='lat' dir='ltr'>malis.</span> 
     </span>
     <span class='ocr_line' id='line_1_9' title="bbox 106 547 1222 599; baseline -0.001 -13"><span class='ocrx_word' id='word_1_43' title='bbox 106 548 205 586; x_wconf 87' lang='lat' dir='ltr'>Fata</span> <span class='ocrx_word' id='word_1_44' title='bbox 229 547 332 587; x_wconf 86' lang='lat' dir='ltr'>istaec</span> <span class='ocrx_word' id='word_1_45' title='bbox 355 560 418 586; x_wconf 89' lang='lat' dir='ltr'>me</span> <span class='ocrx_word' id='word_1_46' title='bbox 444 554 651 599; x_wconf 83' lang='lat' dir='ltr'>premunt3</span> <span class='ocrx_word' id='word_1_47' title='bbox 679 547 944 599; x_wconf 82' lang='lat' dir='ltr'>pertolerarem</span> <span class='ocrx_word' id='word_1_48' title='bbox 964 547 1043 586; x_wconf 88' lang='lat' dir='ltr'>vim</span> <span class='ocrx_word' id='word_1_49' title='bbox 1062 554 1222 595; x_wconf 82' lang='lat' dir='ltr'>tantam,</span> 
     </span>
     <span class='ocr_line' id='line_1_10' title="bbox 267 601 1222 653; baseline -0.001 -13"><span class='ocrx_word' id='word_1_50' title='bbox 267 601 467 653; x_wconf 87' lang='lat' dir='ltr'>cladesque</span> <span class='ocrx_word' id='word_1_51' title='bbox 1170 604 1222 639; x_wconf 76' lang='lat'>20</span> 
     </span>
     <span class='ocr_line' id='line_1_11' title="bbox 106 655 623 706; baseline -0.004 -12"><span class='ocrx_word' id='word_1_52' title='bbox 106 655 360 694; x_wconf 84' lang='lat' dir='ltr'>Exanclarem</span> <span class='ocrx_word' id='word_1_53' title='bbox 379 655 623 706; x_wconf 83' lang='lat' dir='ltr'>impatibiles.</span> 
     </span>
     <span class='ocr_line' id='line_1_12' title="bbox 212 708 549 759; baseline -0.009 -11"><span class='ocrx_word' id='word_1_54' title='bbox 212 711 295 748; x_wconf 77' lang='lat' dir='ltr'>Sos.</span> <span class='ocrx_word' id='word_1_55' title='bbox 325 708 549 759; x_wconf 88' lang='lat' dir='ltr'>Blepharo!</span> 
     </span>
     <span class='ocr_line' id='line_1_13' title="bbox 319 761 702 813; baseline -0.003 -13"><span class='ocrx_word' id='word_1_56' title='bbox 319 763 461 813; x_wconf 73' lang='lat' dir='ltr'>Bleph.</span> <span class='ocrx_word' id='word_1_57' title='bbox 490 761 598 809; x_wconf 87' lang='lat' dir='ltr'>Quid</span> <span class='ocrx_word' id='word_1_58' title='bbox 618 762 702 800; x_wconf 82' lang='lat' dir='ltr'>est?</span> 
     </span>
     <span class='ocr_line' id='line_1_14' title="bbox 543 814 1223 867; baseline 0 -13"><span class='ocrx_word' id='word_1_59' title='bbox 543 817 626 854; x_wconf 73' lang='lat' dir='ltr'>Sos.</span> <span class='ocrx_word' id='word_1_60' title='bbox 657 816 700 854; x_wconf 85' lang='lat' dir='ltr'>N</span> <span class='ocrx_word' id='word_1_61' title='bbox 701 814 913 867; x_wconf 61' lang='lat' dir='ltr'>fficio-quid</span> <span class='ocrx_word' id='word_1_62' title='bbox 929 815 1023 853; x_wconf 89' lang='lat' dir='ltr'>mali</span> <span class='ocrx_word' id='word_1_63' title='bbox 1039 815 1223 867; x_wconf 86' lang='lat' dir='ltr'>suspicor.</span> 
     </span>
     <span class='ocr_line' id='line_1_15' title="bbox 105 870 415 921; baseline -0.006 -12"><span class='ocrx_word' id='word_1_64' title='bbox 105 871 244 921; x_wconf 75' lang='lat' dir='ltr'>Bleph.</span> <span class='ocrx_word' id='word_1_65' title='bbox 274 870 382 918; x_wconf 87' lang='lat' dir='ltr'>Quid</span> <span class='ocrx_word' id='word_1_66' title='bbox 395 870 415 906; x_wconf 64' lang='grc' dir='ltr'>’Β</span> 
     </span>
     <span class='ocr_line' id='line_1_16' title="bbox 193 923 1221 976; baseline -0.002 -14"><span class='ocrx_word' id='word_1_67' title='bbox 193 926 277 963; x_wconf 81' lang='lat' dir='ltr'>Sos.</span> <span class='ocrx_word' id='word_1_68' title='bbox 295 924 398 962; x_wconf 88' lang='lat' dir='ltr'>Vide</span> <span class='ocrx_word' id='word_1_69' title='bbox 416 924 480 970; x_wconf 87' lang='lat' dir='ltr'>sis,</span> <span class='ocrx_word' id='word_1_70' title='bbox 494 923 624 972; x_wconf 85' lang='lat' dir='ltr'>herus,</span> <span class='ocrx_word' id='word_1_71' title='bbox 638 923 834 973; x_wconf 79' lang='lat' dir='ltr'>salutator,</span> <span class='ocrx_word' id='word_1_72' title='bbox 854 923 1115 976; x_wconf 84' lang='lat' dir='ltr'>oppessulatas</span> <span class='ocrx_word' id='word_1_73' title='bbox 1132 928 1221 961; x_wconf 86' lang='lat' dir='ltr'>ante</span> 
     </span>
     <span class='ocr_line' id='line_1_17' title="bbox 262 977 575 1028; baseline -0.003 -13"><span class='ocrx_word' id='word_1_74' title='bbox 262 978 373 1016; x_wconf 86' lang='lat' dir='ltr'>foreis</span> <span class='ocrx_word' id='word_1_75' title='bbox 392 977 575 1028; x_wconf 73' lang='lat' dir='ltr'>graditur,</span> 
     </span>
     <span class='ocr_line' id='line_1_18' title="bbox 103 1031 1157 1082; baseline -0.001 -12"><span class='ocrx_word' id='word_1_76' title='bbox 103 1033 242 1082; x_wconf 71' lang='lat' dir='ltr'>Bleplc.</span> <span class='ocrx_word' id='word_1_77' title='bbox 273 1031 387 1069; x_wconf 77' lang='lat' dir='ltr'>Nihil</span> <span class='ocrx_word' id='word_1_78' title='bbox 407 1038 488 1076; x_wconf 67' lang='lat' dir='ltr'>aet3</span> <span class='ocrx_word' id='word_1_79' title='bbox 518 1031 661 1070; x_wconf 88' lang='lat' dir='ltr'>famem</span> <span class='ocrx_word' id='word_1_80' title='bbox 681 1038 873 1081; x_wconf 82' lang='lat' dir='ltr'>exspectat</span> <span class='ocrx_word' id='word_1_81' title='bbox 892 1032 1157 1070; x_wconf 82' lang='lat' dir='ltr'>obambulans.</span> 
     </span>
     <span class='ocr_line' id='line_1_19' title="bbox 488 1085 1221 1136; baseline 0 -14"><span class='ocrx_word' id='word_1_82' title='bbox 488 1086 571 1122; x_wconf 75' lang='lat' dir='ltr'>Sos.</span> <span class='ocrx_word' id='word_1_83' title='bbox 593 1085 752 1123; x_wconf 88' lang='lat' dir='ltr'>Curiose</span> <span class='ocrx_word' id='word_1_84' title='bbox 770 1085 927 1136; x_wconf 90' lang='lat' dir='ltr'>quidem</span> <span class='ocrx_word' id='word_1_85' title='bbox 943 1099 954 1122; x_wconf 73' lang='grc' dir='ltr'><em>ε</em></span> <span class='ocrx_word' id='word_1_86' title='bbox 985 1085 1098 1124; x_wconf 88' lang='lat' dir='ltr'>foreis</span> <span class='ocrx_word' id='word_1_87' title='bbox 1117 1085 1221 1123; x_wconf 86' lang='lat' dir='ltr'>euim</span> 
     </span>
     <span class='ocr_line' id='line_1_20' title="bbox 106 1138 778 1188; baseline -0.006 -10"><span class='ocrx_word' id='word_1_88' title='bbox 106 1138 269 1186; x_wconf 83' lang='lat' dir='ltr'>Clausit,</span> <span class='ocrx_word' id='word_1_89' title='bbox 295 1150 344 1176; x_wconf 91' lang='lat' dir='ltr'>ne</span> <span class='ocrx_word' id='word_1_90' title='bbox 361 1145 647 1188; x_wconf 80' lang='lat' dir='ltr'>praevorteretur</span> <span class='ocrx_word' id='word_1_91' title='bbox 664 1138 778 1176; x_wconf 88' lang='lat' dir='ltr'>foras.</span> 
     </span>
     <span class='ocr_line' id='line_1_21' title="bbox 318 1190 700 1242; baseline -0.005 -12"><span class='ocrx_word' id='word_1_92' title='bbox 318 1192 457 1241; x_wconf 79' lang='lat' dir='ltr'>Bleplz.</span> <span class='ocrx_word' id='word_1_93' title='bbox 486 1190 700 1242; x_wconf 84' lang='lat' dir='ltr'>Oggannis.</span> 
     </span>
     <span class='ocr_line' id='line_1_22' title="bbox 630 1244 1220 1295; baseline 0.002 -13"><span class='ocrx_word' id='word_1_94' title='bbox 630 1245 714 1282; x_wconf 71' lang='lat' dir='ltr'>Sos.</span> <span class='ocrx_word' id='word_1_95' title='bbox 745 1245 787 1282; x_wconf 82' lang='lat' dir='ltr'>N</span> <span class='ocrx_word' id='word_1_96' title='bbox 789 1257 830 1282; x_wconf 88' lang='lat' dir='ltr'>ec</span> <span class='ocrx_word' id='word_1_97' title='bbox 847 1244 1003 1295; x_wconf 86' lang='lat' dir='ltr'>gannio,</span> <span class='ocrx_word' id='word_1_98' title='bbox 1025 1257 1094 1283; x_wconf 91' lang='lat' dir='ltr'>nec</span> <span class='ocrx_word' id='word_1_99' title='bbox 1111 1246 1220 1284; x_wconf 90' lang='lat' dir='ltr'>latro.</span> 
     </span>
     <span class='ocr_line' id='line_1_23' title="bbox 104 1298 1219 1350; baseline -0.003 -11"><span class='ocrx_word' id='word_1_100' title='bbox 104 1300 146 1339; x_wconf 90' lang='lat' dir='ltr'>Si</span> <span class='ocrx_word' id='word_1_101' title='bbox 172 1312 236 1338; x_wconf 88' lang='lat' dir='ltr'>me</span> <span class='ocrx_word' id='word_1_102' title='bbox 263 1298 408 1346; x_wconf 83' lang='lat' dir='ltr'>audias,</span> <span class='ocrx_word' id='word_1_103' title='bbox 438 1299 620 1337; x_wconf 74' lang='lat' dir='ltr'>observes.</span> <span class='ocrx_word' id='word_1_104' title='bbox 650 1298 905 1350; x_wconf 76' lang='lat' dir='ltr'>Nescio-quid</span> <span class='ocrx_word' id='word_1_105' title='bbox 933 1312 1061 1337; x_wconf 87' lang='lat' dir='ltr'>secum</span> <span class='ocrx_word' id='word_1_106' title='bbox 1089 1298 1219 1337; x_wconf 87' lang='lat' dir='ltr'>solus:</span> 
     </span>
     <span class='ocr_line' id='line_1_24' title="bbox 261 1354 1217 1404; baseline -0.001 -14"><span class='ocrx_word' id='word_1_107' title='bbox 261 1360 370 1404; x_wconf 88' lang='lat' dir='ltr'>puto,</span> <span class='ocrx_word' id='word_1_108' title='bbox 1165 1354 1217 1389; x_wconf 82' lang='lat'>25</span> 
     </span>
     <span class='ocr_line' id='line_1_25' title="bbox 102 1405 1220 1457; baseline -0.003 -11"><span class='ocrx_word' id='word_1_109' title='bbox 102 1407 285 1447; x_wconf 85' lang='lat' dir='ltr'>Rationes</span> <span class='ocrx_word' id='word_1_110' title='bbox 304 1405 460 1456; x_wconf 85' lang='lat' dir='ltr'>colligit.</span> <span class='ocrx_word' id='word_1_111' title='bbox 493 1405 601 1454; x_wconf 88' lang='lat' dir='ltr'>Quid</span> <span class='ocrx_word' id='word_1_112' title='bbox 614 1413 814 1454; x_wconf 87' lang='lat' dir='ltr'>memoret,</span> <span class='ocrx_word' id='word_1_113' title='bbox 830 1405 920 1444; x_wconf 91' lang='lat' dir='ltr'>hinc</span> <span class='ocrx_word' id='word_1_114' title='bbox 939 1405 1150 1457; x_wconf 77' lang='lat' dir='ltr'>excipiam:</span> <span class='ocrx_word' id='word_1_115' title='bbox 1171 1418 1220 1444; x_wconf 90' lang='lat' dir='ltr'>ne</span> 
     </span>
     <span class='ocr_line' id='line_1_26' title="bbox 287 1472 430 1511; baseline -0.007 -13"><span class='ocrx_word' id='word_1_116' title='bbox 287 1472 430 1511; x_wconf 89' lang='lat' dir='ltr'>ropera.</span> 
     </span>
     <span class='ocr_line' id='line_1_27' title="bbox 100 1473 1219 1565; baseline -0.002 -12"><span class='ocrx_word' id='word_1_117' title='bbox 100 1515 246 1565; x_wconf 77' lang='lat' dir='ltr'>Amph.</span> <span class='ocrx_word' id='word_1_118' title='bbox 259 1473 333 1552; x_wconf 88' lang='lat' dir='ltr'>pUt</span> <span class='ocrx_word' id='word_1_119' title='bbox 359 1521 504 1561; x_wconf 89' lang='lat' dir='ltr'>metuo,</span> <span class='ocrx_word' id='word_1_120' title='bbox 531 1525 594 1560; x_wconf 91' lang='lat' dir='ltr'>ne,</span> <span class='ocrx_word' id='word_1_121' title='bbox 619 1513 727 1552; x_wconf 88' lang='lat' dir='ltr'>victis</span> <span class='ocrx_word' id='word_1_122' title='bbox 755 1513 942 1561; x_wconf 86' lang='lat' dir='ltr'>hostibus,</span> <span class='ocrx_word' id='word_1_123' title='bbox 972 1512 1044 1551; x_wconf 87' lang='lat' dir='ltr'>Dii</span> <span class='ocrx_word' id='word_1_124' title='bbox 1069 1519 1219 1563; x_wconf 87' lang='lat' dir='ltr'>partam</span> 
     </span>
    </p>
   </div>
   <div class='ocr_carea' id='block_1_3' title="bbox 102 1542 1218 1661">
    <p class='ocr_par' dir='ltr' id='par_1_3' title="bbox 102 1542 1200 1661">
     <span class='ocr_line' id='line_1_28' title="bbox 261 1542 691 1630; baseline -0.002 -24"><span class='ocrx_word' id='word_1_125' title='bbox 261 1574 485 1630; x_wconf 78' lang='lat' dir='ltr'>expungant</span> <span class='ocrx_word' id='word_1_126' title='bbox 492 1542 691 1618; x_wconf 80' lang='lat' dir='ltr'>gloriam!</span> 
     </span>
     <span class='ocr_line' id='line_1_29' title="bbox 102 1619 1218 1661; baseline -0.004 0"><span class='ocrx_word' id='word_1_127' title='bbox 102 1621 245 1661; x_wconf 84' lang='lat' dir='ltr'>Totam</span> <span class='ocrx_word' id='word_1_128' title='bbox 270 1621 377 1660; x_wconf 90' lang='lat' dir='ltr'>miris</span> <span class='ocrx_word' id='word_1_129' title='bbox 406 1621 530 1660; x_wconf 88' lang='lat' dir='ltr'>modis</span> <span class='ocrx_word' id='word_1_130' title='bbox 553 1629 722 1660; x_wconf 86' lang='lat' dir='ltr'>nostram</span> <span class='ocrx_word' id='word_1_131' title='bbox 748 1621 857 1660; x_wconf 83' lang='lat' dir='ltr'>video</span> <span class='ocrx_word' id='word_1_132' title='bbox 882 1621 1076 1658; x_wconf 89' lang='lat' dir='ltr'>turbatam</span> <span class='ocrx_word' id='word_1_133' title='bbox 1104 1619 1218 1658; x_wconf 89' lang='lat' dir='ltr'>fami-</span> 
     </span>
    </p>
   </div>
   <div class='ocr_carea' id='block_1_4' title="bbox 98 1728 1220 2101">
    <p class='ocr_par' dir='ltr' id='par_1_4' title="bbox 100 1728 1220 1822">
     <span class='ocr_line' id='line_1_30' title="bbox 100 1728 1220 1780; baseline -0.003 -12"><span class='ocrx_word' id='word_1_134' title='bbox 100 1729 209 1769; x_wconf 85' lang='lat' dir='ltr'>Tum</span> <span class='ocrx_word' id='word_1_135' title='bbox 239 1742 327 1768; x_wconf 84' lang='lat' dir='ltr'>vero</span> <span class='ocrx_word' id='word_1_136' title='bbox 358 1742 456 1768; x_wconf 83' lang='lat' dir='ltr'>uxor</span> <span class='ocrx_word' id='word_1_137' title='bbox 478 1728 584 1778; x_wconf 86' lang='lat' dir='ltr'>vitio,</span> <span class='ocrx_word' id='word_1_138' title='bbox 613 1736 759 1780; x_wconf 87' lang='lat' dir='ltr'>stupro,</span> <span class='ocrx_word' id='word_1_139' title='bbox 793 1728 990 1777; x_wconf 88' lang='lat' dir='ltr'>dedecore,</span> <span class='ocrx_word' id='word_1_140' title='bbox 1018 1740 1083 1766; x_wconf 90' lang='lat' dir='ltr'>me</span> <span class='ocrx_word' id='word_1_141' title='bbox 1107 1728 1220 1779; x_wconf 89' lang='lat' dir='ltr'>plena</span> 
     </span>
     <span class='ocr_line' id='line_1_31' title="bbox 263 1783 398 1822; baseline -0.007 0"><span class='ocrx_word' id='word_1_142' title='bbox 263 1783 398 1822; x_wconf 72' lang='lat' dir='ltr'>enioet.</span> 
     </span>
    </p>

    <p class='ocr_par' dir='ltr' id='par_1_5' title="bbox 100 1835 1220 1942">
     <span class='ocr_line' id='line_1_32' title="bbox 100 1835 1220 1888; baseline -0.004 -10"><span class='ocrx_word' id='word_1_143' title='bbox 100 1837 176 1878; x_wconf 83' lang='lat' dir='ltr'>Sed</span> <span class='ocrx_word' id='word_1_144' title='bbox 195 1837 242 1876; x_wconf 90' lang='lat' dir='ltr'>de</span> <span class='ocrx_word' id='word_1_145' title='bbox 259 1836 391 1888; x_wconf 82' lang='lat' dir='ltr'>patera</span> <span class='ocrx_word' id='word_1_146' title='bbox 408 1837 552 1876; x_wconf 88' lang='lat' dir='ltr'>mirum</span> <span class='ocrx_word' id='word_1_147' title='bbox 571 1839 644 1876; x_wconf 74' lang='lat' dir='ltr'>&#39;stz</span> <span class='ocrx_word' id='word_1_148' title='bbox 675 1843 755 1876; x_wconf 88' lang='lat' dir='ltr'>erat</span> <span class='ocrx_word' id='word_1_149' title='bbox 776 1844 906 1875; x_wconf 89' lang='lat' dir='ltr'>tamen</span> <span class='ocrx_word' id='word_1_150' title='bbox 924 1835 1078 1887; x_wconf 88' lang='lat' dir='ltr'>signum</span> <span class='ocrx_word' id='word_1_151' title='bbox 1096 1835 1220 1886; x_wconf 84' lang='lat' dir='ltr'>obsig-</span> 
     </span>
     <span class='ocr_line' id='line_1_33' title="bbox 260 1890 1216 1942; baseline -0.001 -14"><span class='ocrx_word' id='word_1_152' title='bbox 260 1898 397 1929; x_wconf 82' lang='lat' dir='ltr'>natum</span> <span class='ocrx_word' id='word_1_153' title='bbox 415 1892 546 1942; x_wconf 88' lang='lat' dir='ltr'>probe.</span> <span class='ocrx_word' id='word_1_154' title='bbox 1163 1890 1216 1927; x_wconf 89' lang='grc'>30</span> 
     </span>
    </p>

    <p class='ocr_par' dir='ltr' id='par_1_6' title="bbox 98 1944 1220 2049">
     <span class='ocr_line' id='line_1_34' title="bbox 98 1944 1220 1997; baseline -0.003 -13"><span class='ocrx_word' id='word_1_155' title='bbox 98 1945 209 1995; x_wconf 85' lang='lat' dir='ltr'>Quid</span> <span class='ocrx_word' id='word_1_156' title='bbox 235 1944 363 1984; x_wconf 87' lang='lat' dir='ltr'>enim.</span> <span class='ocrx_word' id='word_1_157' title='bbox 353 1946 371 1971; x_wconf 73' lang='lat'><strong>⁹</strong></span> <span class='ocrx_word' id='word_1_158' title='bbox 400 1957 549 1995; x_wconf 86' lang='lat' dir='ltr'>pugnas</span> <span class='ocrx_word' id='word_1_159' title='bbox 575 1952 766 1997; x_wconf 88' lang='lat' dir='ltr'>pugnatas</span> <span class='ocrx_word' id='word_1_160' title='bbox 790 1945 1002 1997; x_wconf 86' lang='lat' dir='ltr'>prolocuta,</span> <span class='ocrx_word' id='word_1_161' title='bbox 1029 1951 1066 1982; x_wconf 89' lang='lat' dir='ltr'>et</span> <span class='ocrx_word' id='word_1_162' title='bbox 1087 1944 1220 1982; x_wconf 83' lang='lat' dir='ltr'>Ptere-</span> 
     </span>
     <span class='ocr_line' id='line_1_35' title="bbox 259 1999 640 2049; baseline -0.003 -12"><span class='ocrx_word' id='word_1_163' title='bbox 259 1999 339 2037; x_wconf 91' lang='lat' dir='ltr'>lam</span> <span class='ocrx_word' id='word_1_164' title='bbox 358 2006 640 2049; x_wconf 87' lang='lat' dir='ltr'>oppugnatum,</span> 
     </span>
    </p>

    <p class='ocr_par' dir='ltr' id='par_1_7' title="bbox 99 2051 1214 2101">
     <span class='ocr_line' id='line_1_36' title="bbox 99 2051 1214 2101; baseline -0.006 -6"><span class='ocrx_word' id='word_1_165' title='bbox 99 2053 254 2095; x_wconf 87' lang='lat' dir='ltr'>Nostris</span> <span class='ocrx_word' id='word_1_166' title='bbox 275 2052 442 2091; x_wconf 80' lang='lat' dir='ltr'>occisum</span> <span class='ocrx_word' id='word_1_167' title='bbox 468 2053 647 2093; x_wconf 85' lang='lat' dir='ltr'>manibus</span> <span class='ocrx_word' id='word_1_168' title='bbox 677 2052 833 2093; x_wconf 88' lang='lat' dir='ltr'>fortiter.</span> <span class='ocrx_word' id='word_1_169' title='bbox 863 2051 987 2092; x_wconf 86' lang='lat' dir='ltr'>Atat!</span> <span class='ocrx_word' id='word_1_170' title='bbox 1017 2051 1108 2091; x_wconf 90' lang='lat' dir='ltr'>novi</span> <span class='ocrx_word' id='word_1_171' title='bbox 1133 2051 1214 2101; x_wconf 86' lang='lat' dir='ltr'>jam</span> 
     </span>
    </p>
   </div>
   <div class='ocr_carea' id='block_1_5' title="bbox 258 2106 1056 2198">
    <p class='ocr_par' dir='ltr' id='par_1_8' title="bbox 258 2106 1056 2198">
     <span class='ocr_line' id='line_1_37' title="bbox 258 2106 421 2146; baseline -0.019 0"><span class='ocrx_word' id='word_1_172' title='bbox 258 2106 421 2146; x_wconf 82' lang='lat' dir='ltr'>ludum:</span> 
     </span>
     <span class='ocr_line' id='line_1_38' title="bbox 985 2160 1056 2198; baseline -0.028 0"><span class='ocrx_word' id='word_1_173' title='bbox 985 2171 1011 2198; x_wconf 78' lang='lat' dir='ltr'>F</span> <span class='ocrx_word' id='word_1_174' title='bbox 1031 2160 1056 2196; x_wconf 88' lang='lat'><strong>3</strong></span> 
     </span>
    </p>
   </div>
  </div>
 </body>
</html>
