<?xml version="1.0" encoding="UTF-8"?>
<!DOCTYPE html PUBLIC "-//W3C//DTD XHTML 1.0 Transitional//EN"
    "http://www.w3.org/TR/xhtml1/DTD/xhtml1-transitional.dtd">
<html xmlns="http://www.w3.org/1999/xhtml" xml:lang="en" lang="en">
 <head>
  <title>
</title>
<meta http-equiv="Content-Type" content="text/html;charset=utf-8" />
  <meta name='ocr-system' content='tesseract 3.04.00' />
  <meta name='ocr-capabilities' content='ocr_page ocr_carea ocr_par ocr_line ocrx_word'/>
</head>
<body>
  <div class='ocr_page' id='page_1' title='image "./comoediaesupers01plauuoft_0269.png"; bbox 0 0 1412 2427; ppageno 0'>
   <div class='ocr_carea' id='block_1_1' title="bbox 406 42 1209 84">
    <p class='ocr_par' dir='ltr' id='par_1_1' title="bbox 406 42 1209 84">
     <span class='ocr_line' id='line_1_1' title="bbox 406 42 1209 84; baseline -0.005 0"><span class='ocrx_word' id='word_1_1' title='bbox 406 43 736 84; x_wconf 89' lang='lat' dir='ltr'><strong>CAPTEIVEI.</strong></span> <span class='ocrx_word' id='word_1_2' title='bbox 767 44 843 82; x_wconf 91' lang='lat' dir='ltr'>IV.</span> <span class='ocrx_word' id='word_1_3' title='bbox 873 46 911 82; x_wconf 83' lang='lat'>2.</span> <span class='ocrx_word' id='word_1_4' title='bbox 1134 42 1209 80; x_wconf 81' lang='lat'>261</span> 
     </span>
    </p>
   </div>
   <div class='ocr_carea' id='block_1_2' title="bbox 86 149 1210 2174">
    <p class='ocr_par' dir='ltr' id='par_1_2' title="bbox 86 149 1210 2174">
     <span class='ocr_line' id='line_1_2' title="bbox 400 149 1210 201; baseline -0.002 -12"><span class='ocrx_word' id='word_1_5' title='bbox 400 153 507 201; x_wconf 84' lang='lat' dir='ltr'>Erg.</span> <span class='ocrx_word' id='word_1_6' title='bbox 534 151 714 198; x_wconf 82' lang='lat' dir='ltr'><strong>Pernam,</strong></span> <span class='ocrx_word' id='word_1_7' title='bbox 740 156 857 200; x_wconf 84' lang='lat' dir='ltr'>atque</span> <span class='ocrx_word' id='word_1_8' title='bbox 874 149 1126 200; x_wconf 82' lang='lat' dir='ltr'><strong>ophthalmia,</strong></span> <span class='ocrx_word' id='word_1_9' title='bbox 1158 149 1210 192; x_wconf 90' lang='grc'>70</span> 
     </span>
     <span class='ocr_line' id='line_1_3' title="bbox 100 201 1207 254; baseline -0.003 -12"><span class='ocrx_word' id='word_1_10' title='bbox 100 203 302 251; x_wconf 66' lang='lat' dir='ltr'>Heraeum,</span> <span class='ocrx_word' id='word_1_11' title='bbox 321 205 552 252; x_wconf 76' lang='lat' dir='ltr'>scombrum,</span> <span class='ocrx_word' id='word_1_12' title='bbox 565 211 602 242; x_wconf 87' lang='lat' dir='ltr'>et</span> <span class='ocrx_word' id='word_1_13' title='bbox 620 204 828 254; x_wconf 86' lang='lat' dir='ltr'>trigonum,</span> <span class='ocrx_word' id='word_1_14' title='bbox 845 210 882 241; x_wconf 86' lang='lat' dir='ltr'>et</span> <span class='ocrx_word' id='word_1_15' title='bbox 900 211 1041 252; x_wconf 79' lang='lat' dir='ltr'>cetum,</span> <span class='ocrx_word' id='word_1_16' title='bbox 1054 210 1091 241; x_wconf 89' lang='lat' dir='ltr'>et</span> <span class='ocrx_word' id='word_1_17' title='bbox 1108 201 1207 240; x_wconf 91' lang='lat' dir='ltr'>mol-</span> 
     </span>
     <span class='ocr_line' id='line_1_4' title="bbox 203 257 532 301; baseline 0.006 -7"><span class='ocrx_word' id='word_1_18' title='bbox 203 300 206 301; x_wconf 12' lang='grc'><em>7</em></span> <span class='ocrx_word' id='word_1_19' title='bbox 254 257 333 295; x_wconf 86' lang='lat' dir='ltr'>lem</span> <span class='ocrx_word' id='word_1_20' title='bbox 351 270 500 295; x_wconf 80' lang='lat' dir='ltr'>caseum</span> <span class='ocrx_word' id='word_1_21' title='bbox 513 260 532 296; x_wconf 72' lang='grc' dir='ltr'><strong><em>Ρ</em></strong></span> 
     </span>
     <span class='ocr_line' id='line_1_5' title="bbox 101 308 1206 360; baseline 0 -13"><span class='ocrx_word' id='word_1_22' title='bbox 101 311 209 360; x_wconf 82' lang='lat' dir='ltr'>Heg.</span> <span class='ocrx_word' id='word_1_23' title='bbox 254 310 490 349; x_wconf 84' lang='lat' dir='ltr'>Nominandi</span> <span class='ocrx_word' id='word_1_24' title='bbox 525 310 684 349; x_wconf 86' lang='lat' dir='ltr'>istorum</span> <span class='ocrx_word' id='word_1_25' title='bbox 719 309 790 347; x_wconf 92' lang='lat' dir='ltr'>tibi</span> <span class='ocrx_word' id='word_1_26' title='bbox 826 308 894 347; x_wconf 91' lang='lat' dir='ltr'>erit</span> <span class='ocrx_word' id='word_1_27' title='bbox 930 309 1053 360; x_wconf 86' lang='lat' dir='ltr'>magis</span> <span class='ocrx_word' id='word_1_28' title='bbox 1089 321 1206 360; x_wconf 84' lang='lat' dir='ltr'>quam</span> 
     </span>
     <span class='ocr_line' id='line_1_6' title="bbox 259 363 526 415; baseline 0.004 -14"><span class='ocrx_word' id='word_1_29' title='bbox 259 363 400 402; x_wconf 84' lang='lat' dir='ltr'><strong>edundi</strong></span> <span class='ocrx_word' id='word_1_30' title='bbox 418 364 526 415; x_wconf 89' lang='lat' dir='ltr'>copia</span> 
     </span>
     <span class='ocr_line' id='line_1_7' title="bbox 100 415 602 468; baseline 0.002 -14"><span class='ocrx_word' id='word_1_31' title='bbox 100 415 180 454; x_wconf 81' lang='lat' dir='ltr'>Hic</span> <span class='ocrx_word' id='word_1_32' title='bbox 198 416 302 468; x_wconf 89' lang='lat' dir='ltr'>apud</span> <span class='ocrx_word' id='word_1_33' title='bbox 319 430 396 465; x_wconf 83' lang='lat' dir='ltr'>me,</span> <span class='ocrx_word' id='word_1_34' title='bbox 415 417 602 468; x_wconf 84' lang='lat' dir='ltr'>Ergasile.</span> 
     </span>
     <span class='ocr_line' id='line_1_8' title="bbox 335 468 1206 520; baseline -0.003 -12"><span class='ocrx_word' id='word_1_35' title='bbox 335 473 432 520; x_wconf 84' lang='lat' dir='ltr'>Erg.</span> <span class='ocrx_word' id='word_1_36' title='bbox 461 471 596 509; x_wconf 51' lang='lat' dir='ltr'>Meam</span> <span class='ocrx_word' id='word_1_37' title='bbox 616 483 678 509; x_wconf 89' lang='lat' dir='ltr'>me</span> <span class='ocrx_word' id='word_1_38' title='bbox 691 470 804 509; x_wconf 67' lang='lat' dir='ltr'>caus⁵a</span> <span class='ocrx_word' id='word_1_39' title='bbox 822 470 894 509; x_wconf 88' lang='lat' dir='ltr'>hoc</span> <span class='ocrx_word' id='word_1_40' title='bbox 913 481 1038 508; x_wconf 64' lang='lat' dir='ltr'>censae</span> <span class='ocrx_word' id='word_1_41' title='bbox 1056 468 1176 506; x_wconf 86' lang='lat' dir='ltr'>dicere</span> <span class='ocrx_word' id='word_1_42' title='bbox 1188 468 1206 505; x_wconf 74' lang='grc' dir='ltr'><strong><em>Ρ</em></strong></span> 
     </span>
     <span class='ocr_line' id='line_1_9' title="bbox 97 522 1206 575; baseline -0.001 -14"><span class='ocrx_word' id='word_1_43' title='bbox 97 525 204 573; x_wconf 81' lang='lat' dir='ltr'>Heg.</span> <span class='ocrx_word' id='word_1_44' title='bbox 224 524 309 562; x_wconf 88' lang='lat' dir='ltr'>Nec</span> <span class='ocrx_word' id='word_1_45' title='bbox 327 523 423 561; x_wconf 88' lang='lat' dir='ltr'>nihil</span> <span class='ocrx_word' id='word_1_46' title='bbox 440 524 566 573; x_wconf 85' lang='lat' dir='ltr'>hodie,</span> <span class='ocrx_word' id='word_1_47' title='bbox 586 536 655 562; x_wconf 83' lang='lat' dir='ltr'>nec</span> <span class='ocrx_word' id='word_1_48' title='bbox 678 525 801 562; x_wconf 85' lang='lat' dir='ltr'>multo</span> <span class='ocrx_word' id='word_1_49' title='bbox 824 524 913 575; x_wconf 90' lang='lat' dir='ltr'>plus</span> <span class='ocrx_word' id='word_1_50' title='bbox 936 530 980 561; x_wconf 88' lang='lat' dir='ltr'>tu</span> <span class='ocrx_word' id='word_1_51' title='bbox 1003 522 1068 561; x_wconf 84' lang='lat' dir='ltr'>hic</span> <span class='ocrx_word' id='word_1_52' title='bbox 1093 522 1206 568; x_wconf 65' lang='lat' dir='ltr'>edoe3</span> 
     </span>
     <span class='ocr_line' id='line_1_10' title="bbox 259 577 541 616; baseline -0.004 -1"><span class='ocrx_word' id='word_1_53' title='bbox 259 589 307 615; x_wconf 91' lang='lat' dir='ltr'>ne</span> <span class='ocrx_word' id='word_1_54' title='bbox 322 577 462 615; x_wconf 82' lang='lat' dir='ltr'>frustra</span> <span class='ocrx_word' id='word_1_55' title='bbox 480 578 541 616; x_wconf 85' lang='lat' dir='ltr'>sis.</span> 
     </span>
     <span class='ocr_line' id='line_1_11' title="bbox 96 629 1205 681; baseline 0 -14"><span class='ocrx_word' id='word_1_56' title='bbox 96 629 213 667; x_wconf 90' lang='lat' dir='ltr'>Proin</span> <span class='ocrx_word' id='word_1_57' title='bbox 231 637 273 668; x_wconf 90' lang='lat' dir='ltr'>tu</span> <span class='ocrx_word' id='word_1_58' title='bbox 298 631 356 668; x_wconf 91' lang='lat' dir='ltr'>tui</span> <span class='ocrx_word' id='word_1_59' title='bbox 372 630 581 681; x_wconf 85' lang='lat' dir='ltr'>quotidiani</span> <span class='ocrx_word' id='word_1_60' title='bbox 606 629 693 668; x_wconf 87' lang='lat' dir='ltr'>victi</span> <span class='ocrx_word' id='word_1_61' title='bbox 717 638 886 668; x_wconf 84' lang='lat' dir='ltr'>ventrem</span> <span class='ocrx_word' id='word_1_62' title='bbox 908 629 956 667; x_wconf 87' lang='lat' dir='ltr'>ad</span> <span class='ocrx_word' id='word_1_63' title='bbox 980 642 1043 667; x_wconf 92' lang='lat' dir='ltr'>me</span> <span class='ocrx_word' id='word_1_64' title='bbox 1061 629 1205 667; x_wconf 85' lang='lat' dir='ltr'>afferas.</span> 
     </span>
     <span class='ocr_line' id='line_1_12' title="bbox 97 683 1202 735; baseline -0.002 -14"><span class='ocrx_word' id='word_1_65' title='bbox 97 685 198 732; x_wconf 86' lang='lat' dir='ltr'>Erg.</span> <span class='ocrx_word' id='word_1_66' title='bbox 227 683 334 730; x_wconf 89' lang='lat' dir='ltr'>Quin</span> <span class='ocrx_word' id='word_1_67' title='bbox 353 684 406 721; x_wconf 83' lang='lat' dir='ltr'>ita</span> <span class='ocrx_word' id='word_1_68' title='bbox 423 683 575 732; x_wconf 79' lang='lat' dir='ltr'>faciam,</span> <span class='ocrx_word' id='word_1_69' title='bbox 593 692 637 722; x_wconf 92' lang='lat' dir='ltr'>ut</span> <span class='ocrx_word' id='word_1_70' title='bbox 661 691 698 722; x_wconf 89' lang='lat' dir='ltr'>te</span> <span class='ocrx_word' id='word_1_71' title='bbox 724 684 854 735; x_wconf 85' lang='lat' dir='ltr'>cupias</span> <span class='ocrx_word' id='word_1_72' title='bbox 875 683 996 722; x_wconf 81' lang='lat' dir='ltr'>facere</span> <span class='ocrx_word' id='word_1_73' title='bbox 1015 690 1202 729; x_wconf 78' lang='lat' dir='ltr'>sumtum,</span> 
     </span>
     <span class='ocr_line' id='line_1_13' title="bbox 255 736 1202 786; baseline -0.002 -12"><span class='ocrx_word' id='word_1_74' title='bbox 255 736 323 774; x_wconf 81' lang='lat' dir='ltr'>etsi</span> <span class='ocrx_word' id='word_1_75' title='bbox 341 749 411 786; x_wconf 87' lang='lat' dir='ltr'>ego</span> <span class='ocrx_word' id='word_1_76' title='bbox 428 745 564 775; x_wconf 85' lang='lat' dir='ltr'>vetem.</span> <span class='ocrx_word' id='word_1_77' title='bbox 1150 736 1202 780; x_wconf 87' lang='grc'>76</span> 
     </span>
     <span class='ocr_line' id='line_1_14' title="bbox 97 789 394 840; baseline 0 -13"><span class='ocrx_word' id='word_1_78' title='bbox 97 791 204 840; x_wconf 83' lang='lat' dir='ltr'>Heg.</span> <span class='ocrx_word' id='word_1_79' title='bbox 232 789 394 839; x_wconf 85' lang='lat' dir='ltr'>Egone?</span> 
     </span>
     <span class='ocr_line' id='line_1_15' title="bbox 256 843 504 892; baseline 0.004 -11"><span class='ocrx_word' id='word_1_80' title='bbox 256 845 358 892; x_wconf 82' lang='lat' dir='ltr'>Erg.</span> <span class='ocrx_word' id='word_1_81' title='bbox 389 843 504 882; x_wconf 89' lang='lat' dir='ltr'>Tute.</span> 
     </span>
     <span class='ocr_line' id='line_1_16' title="bbox 359 897 1076 949; baseline 0.001 -14"><span class='ocrx_word' id='word_1_82' title='bbox 359 898 466 947; x_wconf 81' lang='lat' dir='ltr'>Heg.</span> <span class='ocrx_word' id='word_1_83' title='bbox 498 897 604 936; x_wconf 90' lang='lat' dir='ltr'>Tum</span> <span class='ocrx_word' id='word_1_84' title='bbox 623 904 665 937; x_wconf 89' lang='lat' dir='ltr'>tu</span> <span class='ocrx_word' id='word_1_85' title='bbox 683 898 740 936; x_wconf 78' lang='lat' dir='ltr'>mi</span> <span class='ocrx_word' id='word_1_86' title='bbox 757 898 874 949; x_wconf 85' lang='lat' dir='ltr'>igitur</span> <span class='ocrx_word' id='word_1_87' title='bbox 892 897 1005 937; x_wconf 84' lang='lat' dir='ltr'>herus</span> <span class='ocrx_word' id='word_1_88' title='bbox 1024 909 1076 936; x_wconf 61' lang='grc' dir='ltr'>ω.</span> 
     </span>
     <span class='ocr_line' id='line_1_17' title="bbox 684 951 1197 1002; baseline -0.002 -12"><span class='ocrx_word' id='word_1_89' title='bbox 684 953 785 1002; x_wconf 81' lang='lat' dir='ltr'>Erg.</span> <span class='ocrx_word' id='word_1_90' title='bbox 815 952 944 990; x_wconf 90' lang='lat' dir='ltr'>Immo</span> <span class='ocrx_word' id='word_1_91' title='bbox 959 951 1197 989; x_wconf 81' lang='lat' dir='ltr'>benevolens.</span> 
     </span>
     <span class='ocr_line' id='line_1_18' title="bbox 94 1002 707 1043; baseline 0.002 -1"><span class='ocrx_word' id='word_1_92' title='bbox 94 1002 202 1042; x_wconf 82' lang='lat' dir='ltr'>Vi&#39;n’</span> <span class='ocrx_word' id='word_1_93' title='bbox 229 1011 266 1042; x_wconf 86' lang='lat' dir='ltr'>te</span> <span class='ocrx_word' id='word_1_94' title='bbox 284 1003 421 1042; x_wconf 80' lang='lat' dir='ltr'>faciam</span> <span class='ocrx_word' id='word_1_95' title='bbox 439 1003 675 1043; x_wconf 84' lang='lat' dir='ltr'>fortunatum</span> <span class='ocrx_word' id='word_1_96' title='bbox 689 1007 707 1043; x_wconf 85' lang='lat'>?</span> 
     </span>
     <span class='ocr_line' id='line_1_19' title="bbox 361 1056 1200 1110; baseline 0 -15"><span class='ocrx_word' id='word_1_97' title='bbox 361 1058 467 1107; x_wconf 84' lang='lat' dir='ltr'>Heg.</span> <span class='ocrx_word' id='word_1_98' title='bbox 496 1057 651 1107; x_wconf 84' lang='lat' dir='ltr'>Malim,</span> <span class='ocrx_word' id='word_1_99' title='bbox 673 1071 789 1110; x_wconf 88' lang='lat' dir='ltr'>quam</span> <span class='ocrx_word' id='word_1_100' title='bbox 813 1057 1009 1106; x_wconf 85' lang='lat' dir='ltr'>miserum,</span> <span class='ocrx_word' id='word_1_101' title='bbox 1030 1056 1200 1109; x_wconf 85' lang='lat' dir='ltr'>quidem.</span> 
     </span>
     <span class='ocr_line' id='line_1_20' title="bbox 97 1110 526 1161; baseline 0 -13"><span class='ocrx_word' id='word_1_102' title='bbox 97 1112 197 1161; x_wconf 85' lang='lat' dir='ltr'>Erg.</span> <span class='ocrx_word' id='word_1_103' title='bbox 229 1110 333 1149; x_wconf 81' lang='lat' dir='ltr'>Cedo</span> <span class='ocrx_word' id='word_1_104' title='bbox 352 1123 526 1149; x_wconf 85' lang='lat' dir='ltr'>manum.</span> 
     </span>
     <span class='ocr_line' id='line_1_21' title="bbox 254 1164 684 1214; baseline 0 -12"><span class='ocrx_word' id='word_1_105' title='bbox 254 1165 359 1214; x_wconf 84' lang='lat' dir='ltr'>Heg.</span> <span class='ocrx_word' id='word_1_106' title='bbox 387 1164 493 1202; x_wconf 88' lang='lat' dir='ltr'>Hem</span> <span class='ocrx_word' id='word_1_107' title='bbox 511 1176 684 1203; x_wconf 87' lang='lat' dir='ltr'>manum.</span> 
     </span>
     <span class='ocr_line' id='line_1_22' title="bbox 411 1217 1027 1268; baseline 0.002 -13"><span class='ocrx_word' id='word_1_108' title='bbox 411 1220 513 1267; x_wconf 81' lang='lat' dir='ltr'>Erg.</span> <span class='ocrx_word' id='word_1_109' title='bbox 542 1217 610 1255; x_wconf 91' lang='lat' dir='ltr'>Dii</span> <span class='ocrx_word' id='word_1_110' title='bbox 629 1225 666 1256; x_wconf 89' lang='lat' dir='ltr'>te</span> <span class='ocrx_word' id='word_1_111' title='bbox 684 1229 814 1257; x_wconf 68' lang='lat' dir='ltr'>omnes</span> <span class='ocrx_word' id='word_1_112' title='bbox 832 1218 1027 1268; x_wconf 80' lang='lat' dir='ltr'>adjuvant.</span> 
     </span>
     <span class='ocr_line' id='line_1_23' title="bbox 798 1270 1197 1321; baseline 0.003 -12"><span class='ocrx_word' id='word_1_113' title='bbox 798 1274 905 1321; x_wconf 85' lang='lat' dir='ltr'>Heg.</span> <span class='ocrx_word' id='word_1_114' title='bbox 935 1271 1047 1309; x_wconf 86' lang='lat' dir='ltr'>Nihil</span> <span class='ocrx_word' id='word_1_115' title='bbox 1065 1270 1197 1310; x_wconf 82' lang='lat' dir='ltr'>sentio.</span> 
     </span>
     <span class='ocr_line' id='line_1_24' title="bbox 94 1323 1201 1374; baseline 0.002 -13"><span class='ocrx_word' id='word_1_116' title='bbox 94 1326 196 1374; x_wconf 86' lang='lat' dir='ltr'>Erg.</span> <span class='ocrx_word' id='word_1_117' title='bbox 221 1324 312 1362; x_wconf 90' lang='lat' dir='ltr'>Non</span> <span class='ocrx_word' id='word_1_118' title='bbox 331 1324 435 1362; x_wconf 86' lang='lat' dir='ltr'>enim</span> <span class='ocrx_word' id='word_1_119' title='bbox 453 1335 492 1362; x_wconf 60' lang='grc' dir='ltr'>ω</span> <span class='ocrx_word' id='word_1_120' title='bbox 508 1323 548 1362; x_wconf 87' lang='lat' dir='ltr'>in</span> <span class='ocrx_word' id='word_1_121' title='bbox 568 1324 771 1371; x_wconf 82' lang='lat' dir='ltr'>senticet03</span> <span class='ocrx_word' id='word_1_122' title='bbox 800 1337 844 1362; x_wconf 88' lang='lat' dir='ltr'>eo</span> <span class='ocrx_word' id='word_1_123' title='bbox 861 1336 940 1363; x_wconf 90' lang='lat' dir='ltr'>non</span> <span class='ocrx_word' id='word_1_124' title='bbox 962 1324 1087 1363; x_wconf 85' lang='lat' dir='ltr'>sentis.</span> <span class='ocrx_word' id='word_1_125' title='bbox 1126 1324 1201 1363; x_wconf 84' lang='lat' dir='ltr'>Sed</span> 
     </span>
     <span class='ocr_line' id='line_1_25' title="bbox 252 1378 1198 1426; baseline 0 -11"><span class='ocrx_word' id='word_1_126' title='bbox 252 1378 346 1426; x_wconf 87' lang='lat' dir='ltr'>jube</span> <span class='ocrx_word' id='word_1_127' title='bbox 1145 1378 1198 1415; x_wconf 89' lang='grc'>80</span> 
     </span>
     <span class='ocr_line' id='line_1_26' title="bbox 94 1430 1040 1481; baseline 0.002 -13"><span class='ocrx_word' id='word_1_128' title='bbox 94 1431 196 1468; x_wconf 82' lang='lat' dir='ltr'>Vasa</span> <span class='ocrx_word' id='word_1_129' title='bbox 213 1430 283 1469; x_wconf 90' lang='lat' dir='ltr'>tibi</span> <span class='ocrx_word' id='word_1_130' title='bbox 296 1443 393 1481; x_wconf 86' lang='lat' dir='ltr'>pura</span> <span class='ocrx_word' id='word_1_131' title='bbox 409 1431 583 1481; x_wconf 86' lang='lat' dir='ltr'>apparari</span> <span class='ocrx_word' id='word_1_132' title='bbox 601 1431 651 1469; x_wconf 86' lang='lat' dir='ltr'>ad</span> <span class='ocrx_word' id='word_1_133' title='bbox 669 1443 748 1470; x_wconf 88' lang='lat' dir='ltr'>rem</span> <span class='ocrx_word' id='word_1_134' title='bbox 766 1431 935 1469; x_wconf 85' lang='lat' dir='ltr'>divinam</span> <span class='ocrx_word' id='word_1_135' title='bbox 953 1431 1040 1480; x_wconf 88' lang='lat' dir='ltr'>cito,</span> 
     </span>
     <span class='ocr_line' id='line_1_27' title="bbox 91 1483 967 1536; baseline 0.001 -15"><span class='ocrx_word' id='word_1_136' title='bbox 91 1483 224 1535; x_wconf 89' lang='lat' dir='ltr'>Atque</span> <span class='ocrx_word' id='word_1_137' title='bbox 242 1496 386 1535; x_wconf 86' lang='lat' dir='ltr'>agnum</span> <span class='ocrx_word' id='word_1_138' title='bbox 400 1484 524 1522; x_wconf 86' lang='lat' dir='ltr'>afferri</span> <span class='ocrx_word' id='word_1_139' title='bbox 541 1485 752 1536; x_wconf 83' lang='lat' dir='ltr'>proprium,</span> <span class='ocrx_word' id='word_1_140' title='bbox 770 1485 967 1536; x_wconf 86' lang='lat' dir='ltr'>pinguem.</span> 
     </span>
     <span class='ocr_line' id='line_1_28' title="bbox 677 1538 924 1589; baseline -0.004 -13"><span class='ocrx_word' id='word_1_141' title='bbox 677 1540 785 1589; x_wconf 78' lang='lat' dir='ltr'>Heg.</span> <span class='ocrx_word' id='word_1_142' title='bbox 814 1538 893 1576; x_wconf 89' lang='lat' dir='ltr'>Cur</span> <span class='ocrx_word' id='word_1_143' title='bbox 905 1538 924 1575; x_wconf 84' lang='lat'>?</span> 
     </span>
     <span class='ocr_line' id='line_1_29' title="bbox 781 1591 1197 1641; baseline 0.007 -13"><span class='ocrx_word' id='word_1_144' title='bbox 781 1594 885 1641; x_wconf 86' lang='lat' dir='ltr'>Erg.</span> <span class='ocrx_word' id='word_1_145' title='bbox 914 1591 970 1630; x_wconf 90' lang='lat' dir='ltr'>Ut</span> <span class='ocrx_word' id='word_1_146' title='bbox 987 1591 1197 1631; x_wconf 64' lang='lat' dir='ltr'>sacruficae.</span> 
     </span>
     <span class='ocr_line' id='line_1_30' title="bbox 94 1644 557 1692; baseline 0.006 -12"><span class='ocrx_word' id='word_1_147' title='bbox 94 1645 200 1692; x_wconf 81' lang='lat' dir='ltr'>Heg.</span> <span class='ocrx_word' id='word_1_148' title='bbox 227 1644 332 1691; x_wconf 90' lang='lat' dir='ltr'>Quoi</span> <span class='ocrx_word' id='word_1_149' title='bbox 352 1644 524 1682; x_wconf 83' lang='lat' dir='ltr'>Deorum</span> <span class='ocrx_word' id='word_1_150' title='bbox 539 1647 557 1683; x_wconf 82' lang='lat'>?</span> 
     </span>
     <span class='ocr_line' id='line_1_31' title="bbox 367 1697 1200 1749; baseline 0.002 -14"><span class='ocrx_word' id='word_1_151' title='bbox 367 1700 469 1748; x_wconf 85' lang='lat' dir='ltr'>Erg.</span> <span class='ocrx_word' id='word_1_152' title='bbox 499 1697 617 1745; x_wconf 84' lang='lat' dir='ltr'>Mihi,</span> <span class='ocrx_word' id='word_1_153' title='bbox 636 1698 784 1736; x_wconf 89' lang='lat' dir='ltr'>hercle:</span> <span class='ocrx_word' id='word_1_154' title='bbox 815 1711 905 1736; x_wconf 91' lang='lat' dir='ltr'>nam</span> <span class='ocrx_word' id='word_1_155' title='bbox 924 1710 993 1749; x_wconf 80' lang='lat' dir='ltr'>ego</span> <span class='ocrx_word' id='word_1_156' title='bbox 1011 1697 1080 1736; x_wconf 87' lang='lat' dir='ltr'>tibi</span> <span class='ocrx_word' id='word_1_157' title='bbox 1098 1711 1200 1738; x_wconf 87' lang='lat' dir='ltr'>nunc</span> 
     </span>
     <span class='ocr_line' id='line_1_32' title="bbox 488 1752 953 1803; baseline 0.002 -14"><span class='ocrx_word' id='word_1_158' title='bbox 488 1763 573 1789; x_wconf 88' lang='lat' dir='ltr'>sum</span> <span class='ocrx_word' id='word_1_159' title='bbox 593 1764 766 1789; x_wconf 89' lang='lat' dir='ltr'>summus</span> <span class='ocrx_word' id='word_1_160' title='bbox 785 1752 953 1803; x_wconf 86' lang='lat' dir='ltr'>Jupiter.</span> 
     </span>
     <span class='ocr_line' id='line_1_33' title="bbox 92 1801 1198 1855; baseline 0.005 -15"><span class='ocrx_word' id='word_1_161' title='bbox 92 1801 202 1840; x_wconf 87' lang='lat' dir='ltr'>Idem</span> <span class='ocrx_word' id='word_1_162' title='bbox 221 1814 292 1853; x_wconf 88' lang='lat' dir='ltr'>ego</span> <span class='ocrx_word' id='word_1_163' title='bbox 310 1815 397 1841; x_wconf 89' lang='lat' dir='ltr'>sum</span> <span class='ocrx_word' id='word_1_164' title='bbox 415 1803 542 1853; x_wconf 86' lang='lat' dir='ltr'>Salus,</span> <span class='ocrx_word' id='word_1_165' title='bbox 564 1805 748 1854; x_wconf 81' lang='lat' dir='ltr'>Fortuna,</span> <span class='ocrx_word' id='word_1_166' title='bbox 771 1805 878 1853; x_wconf 82' lang='lat' dir='ltr'>Lux,</span> <span class='ocrx_word' id='word_1_167' title='bbox 902 1805 1069 1855; x_wconf 76' lang='lat' dir='ltr'>Laetitia,</span> <span class='ocrx_word' id='word_1_168' title='bbox 1091 1807 1198 1845; x_wconf 72' lang='lat' dir='ltr'>Gau-</span> 
     </span>
     <span class='ocr_line' id='line_1_34' title="bbox 247 1856 368 1894; baseline -0.008 0"><span class='ocrx_word' id='word_1_169' title='bbox 247 1856 368 1894; x_wconf 90' lang='lat' dir='ltr'>dium.</span> 
     </span>
     <span class='ocr_line' id='line_1_35' title="bbox 89 1908 1199 1999; baseline 0.003 -53"><span class='ocrx_word' id='word_1_170' title='bbox 89 1908 260 1999; x_wconf 85' lang='lat' dir='ltr'>Proindel</span> <span class='ocrx_word' id='word_1_171' title='bbox 271 1917 312 1947; x_wconf 80' lang='lat' dir='ltr'>tu</span> <span class='ocrx_word' id='word_1_172' title='bbox 341 1909 471 1948; x_wconf 83' lang='lat' dir='ltr'>Deum</span> <span class='ocrx_word' id='word_1_173' title='bbox 494 1910 639 1949; x_wconf 86' lang='lat' dir='ltr'>huncce</span> <span class='ocrx_word' id='word_1_174' title='bbox 660 1911 853 1950; x_wconf 80' lang='lat' dir='ltr'>saturitate</span> <span class='ocrx_word' id='word_1_175' title='bbox 876 1911 990 1951; x_wconf 81' lang='lat' dir='ltr'>facias</span> <span class='ocrx_word' id='word_1_176' title='bbox 1013 1913 1199 1964; x_wconf 82' lang='lat' dir='ltr'>tranquil-</span> 
     </span>
     <span class='ocr_line' id='line_1_36' title="bbox 262 1963 1190 2003; baseline 0.003 -3"><span class='ocrx_word' id='word_1_177' title='bbox 262 1975 329 2000; x_wconf 91' lang='lat' dir='ltr'>um</span> <span class='ocrx_word' id='word_1_178' title='bbox 348 1963 430 2001; x_wconf 79' lang='lat' dir='ltr'>tibi.</span> <span class='ocrx_word' id='word_1_179' title='bbox 1140 1966 1190 2003; x_wconf 83' lang='lat'>85</span> 
     </span>
     <span class='ocr_line' id='line_1_37' title="bbox 88 2015 645 2066; baseline 0 -12"><span class='ocrx_word' id='word_1_180' title='bbox 88 2017 194 2066; x_wconf 86' lang='lat' dir='ltr'>Heg.</span> <span class='ocrx_word' id='word_1_181' title='bbox 222 2015 377 2054; x_wconf 87' lang='lat' dir='ltr'>Esurire</span> <span class='ocrx_word' id='word_1_182' title='bbox 393 2016 488 2054; x_wconf 90' lang='lat' dir='ltr'>mihi</span> <span class='ocrx_word' id='word_1_183' title='bbox 508 2017 645 2055; x_wconf 87' lang='lat' dir='ltr'>videre.</span> 
     </span>
     <span class='ocr_line' id='line_1_38' title="bbox 435 2069 1193 2121; baseline 0.001 -14"><span class='ocrx_word' id='word_1_184' title='bbox 435 2072 537 2120; x_wconf 86' lang='lat' dir='ltr'>Erg.</span> <span class='ocrx_word' id='word_1_185' title='bbox 565 2069 670 2108; x_wconf 88' lang='lat' dir='ltr'>Mihi</span> <span class='ocrx_word' id='word_1_186' title='bbox 689 2069 844 2121; x_wconf 82' lang='lat' dir='ltr'>quidem</span> <span class='ocrx_word' id='word_1_187' title='bbox 863 2071 999 2121; x_wconf 66' lang='lat' dir='ltr'>esurio,</span> <span class='ocrx_word' id='word_1_188' title='bbox 1017 2083 1092 2110; x_wconf 86' lang='lat' dir='ltr'>non</span> <span class='ocrx_word' id='word_1_189' title='bbox 1111 2070 1193 2110; x_wconf 88' lang='lat' dir='ltr'>tibi.</span> 
     </span>
     <span class='ocr_line' id='line_1_39' title="bbox 86 2121 782 2174; baseline 0.001 -14"><span class='ocrx_word' id='word_1_190' title='bbox 86 2124 195 2171; x_wconf 83' lang='lat' dir='ltr'>Heg.</span> <span class='ocrx_word' id='word_1_191' title='bbox 219 2121 309 2161; x_wconf 89' lang='lat' dir='ltr'>Tuo</span> <span class='ocrx_word' id='word_1_192' title='bbox 323 2122 503 2162; x_wconf 79' lang='lat' dir='ltr'>arbitratu</span> <span class='ocrx_word' id='word_1_193' title='bbox 523 2123 631 2162; x_wconf 79' lang='lat' dir='ltr'>facile</span> <span class='ocrx_word' id='word_1_194' title='bbox 649 2123 782 2174; x_wconf 82' lang='lat' dir='ltr'>patior.</span> 
     </span>
    </p>
   </div>
  </div>
 </body>
</html>
