1412 2427
182 41 233 77 52
355 39 727 79 AMPHITRUO.
762 39 838 79 IV.
865 37 1125 91 [Supposita.]

181 149 290 185 Μεν.
320 150 521 187 Arcessam
540 148 715 200 equidem
731 163 741 186 ε
771 147 836 186 sed
861 147 908 186 de
924 146 1068 184 foribus
1087 152 1129 182 tu
1148 144 1289 182 interea

341 203 391 240 sis
410 203 504 240 vide.
1235 196 1288 234 36

182 253 223 291 Si
242 255 420 294 molestus
439 256 504 303 sis,
520 255 652 294 evades
670 267 884 306 nunquam,
902 252 993 304 quin
1007 259 1044 290 te
1057 249 1284 307 sacruficem.

319 402 630 444 AMPanuo.
679 407 962 445 BLEPHARO.
1007 404 1154 443 Sos1A.

181 507 325 557 Amph.
345 509 426 557 Dii,
439 519 603 550 vostram
615 513 730 552 fidem
745 514 754 551 2
777 527 863 565 quae
873 510 1106 563 intemperiae
1119 514 1287 546 nostram

341 572 460 613 agunt
477 565 660 604 familiam
681 567 690 604 Ξ
723 580 808 617 quae
826 566 923 604 mira

180 612 316 658 Video,
344 625 545 668 postquam
567 619 725 657 advenio
752 619 930 670 peregre!
961 629 1053 655 nam
1073 627 1206 655 verum
1225 612 1289 661 ’st,

340 671 442 719 quod
460 672 551 709 olim
571 681 625 710 est
643 673 817 710 auditum
1242 684 1246 686 ’

181 718 417 770 Fabulan’er‚
436 732 601 763 mutatos
619 726 768 763 Atticos
785 726 827 763 in
845 722 1011 763 Arcadia
1027 721 1214 768 homines,

180 772 235 810 Et
268 786 383 813 saevas
413 777 557 815 belluas
586 779 819 827 mansitasse,
858 790 925 817 nec
958 788 1131 828 unquam
1163 774 1287 812 denuo

340 831 557 879 parentibus

185 878 377 930 Cognitos.

333 937 473 986 Bleple.
501 937 608 985 Quid
626 938 730 987 illuc,
750 938 882 978 Sosia?
912 938 1061 988 Magna
1080 941 1181 984 sunt,
1201 946 1287 985 quae

394 991 492 1028 mira
508 991 700 1041 praedicas.
1262 988 1287 1023 5

180 1037 291 1078 Ai’n’
313 1049 354 1079 tu
379 1043 543 1081 alterum
568 1052 604 1082 te
626 1045 803 1096 reperisse
830 1044 934 1083 domi
961 1041 1195 1083 consimilem
1216 1040 1286 1078 So·

344 1107 440 1132 Siam
458 1098 474 1133 ?

184 1149 267 1184 Sos.
292 1147 382 1185 Aio.
404 1149 478 1187 Sed
496 1149 590 1188 heus
610 1157 651 1188 tu
670 1152 680 1188 2
706 1164 824 1202 quom
842 1163 911 1201 ego
939 1150 1100 1196 Sosiam,
1120 1145 1289 1198 Amphi-

343 1209 515 1240 truonem
535 1204 787 1255 Amphitruo,
808 1203 905 1256 quid
924 1204 995 1241 scis
1013 1215 1062 1240 an

185 1254 248 1292 Tu
267 1254 362 1292 forte
386 1255 505 1293 alium
530 1257 811 1308 Blepharonem
835 1256 988 1309 parias?
1019 1256 1082 1295 O!
1110 1254 1180 1293 Dii
1197 1253 1289 1292 faci-

344 1316 423 1355 ant,
443 1318 487 1346 ut
505 1318 548 1347 tu
567 1323 731 1361 quoque,

184 1360 367 1398 Concisus
398 1363 553 1412 pugnis,
580 1370 617 1400 et
648 1364 747 1401 elisis
775 1362 964 1406 dentibus,
998 1361 1039 1399 id
1074 1361 1289 1412 impransus

343 1414 509 1453 creduas.

185 1467 291 1504 Nam
309 1479 378 1517 ego
398 1467 463 1504 ille
489 1468 582 1506 alter
609 1469 728 1518 Sosia,
757 1469 824 1520 qui
850 1468 928 1506 illic
956 1479 1057 1516 sum,
1083 1479 1146 1505 me
1176 1466 1290 1504 malis

343 1520 526 1557 mulcavit
543 1522 678 1559 modis.
1236 1520 1287 1558 10

185 1573 323 1621 Bleph.
351 1572 458 1609 Mira
485 1574 664 1624 profecto.
703 1573 778 1612 Sed
806 1573 945 1624 gradus
975 1573 1150 1611 condecet
1177 1585 1290 1625 gran-

344 1624 449 1662 dixe:
479 1638 584 1673 nam,
604 1636 648 1665 ut
667 1627 789 1674 video,

183 1678 391 1729 Exspectat
415 1679 678 1731 Amphitru03
708 1688 744 1718 et
771 1692 912 1718 vacuus
939 1679 1034 1717 mihi
1059 1686 1187 1718 venter
1211 1691 1290 1718 cre-

370 1731 450 1769 itat.

341 1744 368 1781 P
809 1787 954 1836 Amph.
984 1787 1038 1824 Et
1057 1785 1149 1837 quid
1166 1785 1289 1824 aliena

185 1838 382 1876 Fabulor?
411 1838 451 1876 in
472 1846 598 1877 nostro
616 1840 709 1878 olim
729 1839 914 1877 Thebano
930 1851 1065 1890 genere
1081 1839 1288 1889 plusquam

343 1891 440 1929 mira
460 1901 685 1931 memorant.

185 1943 444 1994 Martigenam
460 1945 525 1983 ille
543 1958 739 1997 aggressus
756 1946 924 1984 belluam
941 1958 1105 1997 magnus
1121 1945 1298 1997 Europae*

329 2005 520 2047 .quaestor‚
541 2001 730 2050 anguineo

185 2050 358 2101 Repente
384 2050 522 2090 hosteis
548 2053 692 2103 peperit
719 2052 899 2092 seminio:
930 2060 980 2101 et,
1005 2051 1175 2102 pugnata
1201 2051 1290 2141 illlac

343 2103 485 2154 pugna,
1263 2105 1287 2140 5
