1412 2427
258 33 633 73 AMPHITRUO.
663 34 739 72 lv.
768 32 1032 87 [Supposita]
1163 36 1210 72 51

104 137 208 176 Cum
224 149 357 186 uxore,
385 138 500 176 modo
527 151 576 176 ex
599 139 774 178 hostibus
798 138 1016 187 adveniens,
1041 140 1215 191 volupta-

256 198 334 228 tem
352 191 466 243 capit.
1160 194 1213 230 20

97 243 243 294 Amph.
272 243 364 291 Qua
383 259 501 284 uxore
514 248 532 285 ’ἓ

170 299 174 301 ⁴
205 299 319 336 Bler-
346 298 580 338 Alcumena.

260 352 406 401 Amph.
436 353 537 401 Quis
555 354 699 391 homo?

340 408 450 444 Mer.
482 407 643 455 Quoties
660 408 717 445 vis
735 406 882 446 dictum
898 410 916 446 ’ἓ
943 406 1198 459 Amphitruo,

101 458 232 497 Herus
250 471 372 497 meus.
416 461 608 500 Molestus
624 473 672 499 ne
691 460 773 499 sies.

702 515 848 565 Amph.
877 515 1052 563 Qu1cum
1071 516 1184 552 cubat
1198 516 1216 552 ἓ

98 566 212 604 Mer.
232 566 347 658 νὲῗὲ,
366 580 416 607 ne
434 568 689 607 infortunium
714 582 875 620 quaeras,
897 570 965 621 qui
986 582 1048 608 me
1077 568 1130 607 sic
1158 568 1222 606 lu-

329 634 400 660 ces.

101 673 253 725 Amph.
281 674 371 724 Dic,
393 690 535 728 quaeso,
556 676 612 714 mi
631 676 751 715 Sosia.

259 729 372 768 Mer.
400 731 615 770 Blaudire?
645 731 748 769 Cum
772 729 1003 770 Alcumena.

787 786 936 836 Amph.
964 786 1014 824 In
1034 783 1218 823 eodemne

103 833 292 875 Cubiculo
307 839 325 875 Ρ

155 891 270 928 Mer.
299 890 445 942 Immo,
464 899 510 930 ut
527 892 701 939 arbitror,
722 906 876 943 corpore
895 905 1031 944 corpus
1049 892 1220 931 incubat.

582 948 731 997 Amph.
761 948 835 986 Vae
852 946 992 985 misero
1010 946 1136 984 mihi!
1169 948 1220 983 25

104 996 216 1035 Mer.
244 998 365 1037 Lucri
384 1000 445 1048 ’st‚
467 999 571 1051 quod
589 1001 782 1039 miseriam
800 1001 979 1052 deputat:
1010 1012 1102 1038 nam
1121 1012 1220 1038 uxo-

262 1064 344 1090 rem
362 1066 575 1091 usurariam

104 1103 341 1194 Perindelest
357 1108 537 1157 praebere,
558 1119 600 1145 ac
615 1107 646 1145 si
659 1120 795 1158 agrum
814 1107 980 1146 sterilem
997 1106 1222 1145 fodiendum

280 1170 375 1197 oces.

105 1211 250 1261 Amph.
281 1212 389 1251 Sosia
404 1214 414 1251 ἔ

265 1267 377 1305 BIer.
405 1266 513 1315 Quid
534 1268 702 1319 (malum
718 1266 751 1317 !)
773 1267 882 1307 Sosia
899 1270 916 1306 ?

490 1322 639 1371 Amph.
667 1323 760 1360 Non
779 1334 842 1360 me
861 1320 1013 1368 novisti,
1034 1322 1189 1359 verbero
1203 1323 1222 1359 ἓ

107 1375 211 1413 Mer.
233 1375 339 1413 Novi
357 1381 394 1412 te
411 1374 609 1414 hominem
626 1375 847 1424 molestum,
869 1374 938 1426 qui
955 1387 1004 1413 ne
1023 1387 1127 1413 emas
1144 1374 1224 1412 liti-

307 1441 388 1466 um.

265 1441 305 1480 gl
893 1483 1042 1532 Amph.
1071 1482 1221 1520 Adhuc

102 1535 290 1587 Amplius
306 1551 317 1575 ε
348 1548 475 1576 nonne
493 1549 563 1588 ego
581 1536 696 1575 herus
715 1548 804 1575 sum
822 1543 912 1574 tuus
932 1536 1173 1587 Amphitruo
1188 1538 1206 1574 ἓ

660 1592 772 1628 Mer.
802 1590 868 1628 Tu
887 1590 1065 1628 Bacchus
1084 1602 1137 1637 eS‚
1167 1590 1220 1627 30

103 1643 225 1683 Haud
254 1644 503 1696 Amphitruo.
533 1643 696 1692 Quoties
726 1643 798 1682 tibi
831 1643 979 1682 dietum
1008 1644 1065 1682 vis
1082 1646 1099 1682 Ρ
1129 1656 1225 1681 num

266 1699 392 1737 denuo
404 1698 423 1735 ’ἓ

105 1751 223 1790 Meus
249 1752 489 1803 Amphitruo
515 1763 595 1790 uno
622 1751 797 1790 cubiculo
826 1751 1084 1790 Alcumenam
1117 1763 1223 1788 corn-

265 1806 385 1857 plexu
404 1812 520 1844 tenet.

106 1858 149 1899 Si
168 1871 316 1911 pergas,
347 1871 436 1897 eum
462 1859 527 1898 hic
555 1859 699 1908 sistam,
728 1871 853 1910 neque
881 1859 962 1897 sine
989 1866 1056 1897 tuo
1084 1869 1227 1909 magno

107 1966 254 2018 Amph.
268 1914 418 2018 mgdcgio
446 1967 592 2006 arcessi.
620 1966 782 2006 Utinam
814 1979 878 2016 ne,
908 1979 979 2017 pro
1006 1964 1226 2013 benefactis,

272 2020 386 2059 hodie
405 2021 584 2072 patriam,

109 2073 256 2125 AEdeis,
270 2087 462 2166 duxorem,
498 2074 700 2125 familiam,
729 2088 819 2114 cum
854 2073 996 2122 formffa,
1028 2072 1107 2112 una
1141 2084 1227 2161 peg-

297 2129 414 2167 uam!
1203 2126 1227 2160 5
