<?xml version="1.0" encoding="UTF-8"?>
<!DOCTYPE html PUBLIC "-//W3C//DTD XHTML 1.0 Transitional//EN"
    "http://www.w3.org/TR/xhtml1/DTD/xhtml1-transitional.dtd">
<html xmlns="http://www.w3.org/1999/xhtml" xml:lang="en" lang="en">
 <head>
  <title>
</title>
<meta http-equiv="Content-Type" content="text/html;charset=utf-8" />
  <meta name='ocr-system' content='tesseract 3.04.00' />
  <meta name='ocr-capabilities' content='ocr_page ocr_carea ocr_par ocr_line ocrx_word'/>
</head>
<body>
  <div class='ocr_page' id='page_1' title='image "./comoediaesupers01plauuoft_0020.png"; bbox 0 0 1412 2427; ppageno 0'>
   <div class='ocr_carea' id='block_1_1' title="bbox 132 105 931 145">
    <p class='ocr_par' dir='ltr' id='par_1_1' title="bbox 132 105 931 145">
     <span class='ocr_line' id='line_1_1' title="bbox 132 105 931 145; baseline 0.003 -4"><span class='ocrx_word' id='word_1_1' title='bbox 132 105 177 141; x_wconf 79' lang='lat'>12</span> <span class='ocrx_word' id='word_1_2' title='bbox 430 107 802 145; x_wconf 69' lang='lat' dir='ltr'><strong>AMPHITRUO.</strong></span> <span class='ocrx_word' id='word_1_3' title='bbox 833 107 865 144; x_wconf 93' lang='grc' dir='ltr'>Ι.</span> <span class='ocrx_word' id='word_1_4' title='bbox 900 108 931 143; x_wconf 93' lang='grc'>1.</span> 
     </span>
    </p>
   </div>
   <div class='ocr_carea' id='block_1_2' title="bbox 128 211 1238 265">
    <p class='ocr_par' dir='ltr' id='par_1_2' title="bbox 128 211 1238 265">
     <span class='ocr_line' id='line_1_2' title="bbox 128 211 1238 265; baseline 0.002 -17"><span class='ocrx_word' id='word_1_5' title='bbox 128 211 363 262; x_wconf 87' lang='lat' dir='ltr'>Deduntque</span> <span class='ocrx_word' id='word_1_6' title='bbox 382 225 433 258; x_wconf 90' lang='lat' dir='ltr'>se,</span> <span class='ocrx_word' id='word_1_7' title='bbox 461 213 589 251; x_wconf 84' lang='lat' dir='ltr'>divina</span> <span class='ocrx_word' id='word_1_8' title='bbox 617 213 860 265; x_wconf 82' lang='lat' dir='ltr'>humanaque</span> <span class='ocrx_word' id='word_1_9' title='bbox 879 213 1020 258; x_wconf 83' lang='lat' dir='ltr'>onmia,</span> <span class='ocrx_word' id='word_1_10' title='bbox 1045 214 1176 251; x_wconf 90' lang='lat' dir='ltr'>urbem</span> <span class='ocrx_word' id='word_1_11' title='bbox 1203 219 1238 250; x_wconf 88' lang='lat' dir='ltr'>et</span> 
     </span>
    </p>
   </div>
   <div class='ocr_carea' id='block_1_3' title="bbox 129 265 1244 836">
    <p class='ocr_par' dir='ltr' id='par_1_3' title="bbox 288 265 1236 311">
     <span class='ocr_line' id='line_1_3' title="bbox 288 265 1236 311; baseline 0 -9"><span class='ocrx_word' id='word_1_12' title='bbox 288 265 438 311; x_wconf 88' lang='lat' dir='ltr'>liberos,</span> <span class='ocrx_word' id='word_1_13' title='bbox 1162 266 1236 303; x_wconf 80' lang='lat'>102</span> 
     </span>
    </p>

    <p class='ocr_par' dir='ltr' id='par_1_4' title="bbox 130 318 1239 422">
     <span class='ocr_line' id='line_1_4' title="bbox 130 318 1239 370; baseline 0.001 -15"><span class='ocrx_word' id='word_1_14' title='bbox 130 318 177 355; x_wconf 91' lang='lat' dir='ltr'>In</span> <span class='ocrx_word' id='word_1_15' title='bbox 207 318 387 357; x_wconf 88' lang='lat' dir='ltr'><strong>ditionem</strong></span> <span class='ocrx_word' id='word_1_16' title='bbox 413 326 525 370; x_wconf 89' lang='lat' dir='ltr'>atque</span> <span class='ocrx_word' id='word_1_17' title='bbox 553 320 591 357; x_wconf 89' lang='lat' dir='ltr'>in</span> <span class='ocrx_word' id='word_1_18' title='bbox 621 320 858 367; x_wconf 84' lang='lat' dir='ltr'>arbitratum,</span> <span class='ocrx_word' id='word_1_19' title='bbox 890 319 1028 367; x_wconf 90' lang='lat' dir='ltr'>cuncti,</span> <span class='ocrx_word' id='word_1_20' title='bbox 1052 319 1239 357; x_wconf 90' lang='lat' dir='ltr'>Thebano</span> 
     </span>
     <span class='ocr_line' id='line_1_5' title="bbox 290 373 416 422; baseline 0.008 -13"><span class='ocrx_word' id='word_1_21' title='bbox 290 373 416 422; x_wconf 89' lang='lat' dir='ltr'>poplo.</span> 
     </span>
    </p>

    <p class='ocr_par' dir='ltr' id='par_1_5' title="bbox 129 424 1241 524">
     <span class='ocr_line' id='line_1_6' title="bbox 129 424 1241 477; baseline -0.002 -14"><span class='ocrx_word' id='word_1_22' title='bbox 129 426 234 471; x_wconf 89' lang='lat' dir='ltr'><strong>Post,</strong></span> <span class='ocrx_word' id='word_1_23' title='bbox 253 424 302 463; x_wconf 92' lang='lat' dir='ltr'>ob</span> <span class='ocrx_word' id='word_1_24' title='bbox 321 426 514 473; x_wconf 87' lang='lat' dir='ltr'>virtutem,</span> <span class='ocrx_word' id='word_1_25' title='bbox 540 426 631 464; x_wconf 88' lang='lat' dir='ltr'>hero</span> <span class='ocrx_word' id='word_1_26' title='bbox 649 426 927 477; x_wconf 80' lang='lat' dir='ltr'>Amphitruoni</span> <span class='ocrx_word' id='word_1_27' title='bbox 955 432 1083 476; x_wconf 85' lang='lat' dir='ltr'>patera</span> <span class='ocrx_word' id='word_1_28' title='bbox 1102 425 1241 463; x_wconf 86' lang='lat' dir='ltr'>donata</span> 
     </span>
     <span class='ocr_line' id='line_1_7' title="bbox 288 479 484 524; baseline -0.005 -8"><span class='ocrx_word' id='word_1_29' title='bbox 288 491 402 516; x_wconf 87' lang='lat' dir='ltr'>aurea</span> <span class='ocrx_word' id='word_1_30' title='bbox 422 479 484 524; x_wconf 85' lang='lat' dir='ltr'>’st,</span> 
     </span>
    </p>

    <p class='ocr_par' dir='ltr' id='par_1_6' title="bbox 129 529 1242 622">
     <span class='ocr_line' id='line_1_8' title="bbox 129 529 1241 582; baseline -0.002 -13"><span class='ocrx_word' id='word_1_31' title='bbox 129 531 212 579; x_wconf 82' lang='lat' dir='ltr'>Qui</span> <span class='ocrx_word' id='word_1_32' title='bbox 234 532 384 569; x_wconf 86' lang='lat' dir='ltr'>Pterela</span> <span class='ocrx_word' id='word_1_33' title='bbox 413 532 570 582; x_wconf 84' lang='lat' dir='ltr'>potitare</span> <span class='ocrx_word' id='word_1_34' title='bbox 599 545 665 570; x_wconf 85' lang='lat' dir='ltr'>rex</span> <span class='ocrx_word' id='word_1_35' title='bbox 694 531 870 570; x_wconf 87' lang='lat' dir='ltr'>solitu’st.</span> <span class='ocrx_word' id='word_1_36' title='bbox 926 531 1022 569; x_wconf 84' lang='lat' dir='ltr'>Haec</span> <span class='ocrx_word' id='word_1_37' title='bbox 1048 530 1100 568; x_wconf 91' lang='lat' dir='ltr'>sic</span> <span class='ocrx_word' id='word_1_38' title='bbox 1118 529 1241 568; x_wconf 84' lang='lat' dir='ltr'>dicam</span> 
     </span>
     <span class='ocr_line' id='line_1_9' title="bbox 289 582 1242 622; baseline -0.002 0"><span class='ocrx_word' id='word_1_39' title='bbox 289 585 398 622; x_wconf 57' lang='lat' dir='ltr'>heran</span> <span class='ocrx_word' id='word_1_40' title='bbox 1166 582 1242 620; x_wconf 83' lang='lat'>105</span> 
     </span>
    </p>

    <p class='ocr_par' dir='ltr' id='par_1_7' title="bbox 130 637 1244 742">
     <span class='ocr_line' id='line_1_10' title="bbox 130 637 1244 690; baseline -0.003 -14"><span class='ocrx_word' id='word_1_41' title='bbox 130 638 247 676; x_wconf 88' lang='lat' dir='ltr'>Nunc</span> <span class='ocrx_word' id='word_1_42' title='bbox 265 651 421 690; x_wconf 86' lang='lat' dir='ltr'>pergam</span> <span class='ocrx_word' id='word_1_43' title='bbox 440 639 518 675; x_wconf 82' lang='lat' dir='ltr'>heri</span> <span class='ocrx_word' id='word_1_44' title='bbox 538 638 742 688; x_wconf 84' lang='lat' dir='ltr'>imperium</span> <span class='ocrx_word' id='word_1_45' title='bbox 761 638 930 690; x_wconf 78' lang='lat' dir='ltr'>exsequi,</span> <span class='ocrx_word' id='word_1_46' title='bbox 951 645 988 675; x_wconf 88' lang='lat' dir='ltr'>et</span> <span class='ocrx_word' id='word_1_47' title='bbox 1007 651 1068 676; x_wconf 89' lang='lat' dir='ltr'>me</span> <span class='ocrx_word' id='word_1_48' title='bbox 1084 637 1244 675; x_wconf 87' lang='lat' dir='ltr'>domum</span> 
     </span>
     <span class='ocr_line' id='line_1_11' title="bbox 288 704 488 742; baseline 0 -13"><span class='ocrx_word' id='word_1_49' title='bbox 288 704 488 742; x_wconf 84' lang='lat' dir='ltr'>capessere.</span> 
     </span>
    </p>

    <p class='ocr_par' dir='ltr' id='par_1_8' title="bbox 131 743 1243 836">
     <span class='ocr_line' id='line_1_12' title="bbox 131 743 1243 795; baseline -0.002 -13"><span class='ocrx_word' id='word_1_50' title='bbox 131 745 262 782; x_wconf 66' lang='lat' dir='ltr'>Merv.</span> <span class='ocrx_word' id='word_1_51' title='bbox 291 745 412 782; x_wconf 79' lang='lat' dir='ltr'>Atat!</span> <span class='ocrx_word' id='word_1_52' title='bbox 455 745 531 782; x_wconf 85' lang='lat' dir='ltr'>illic</span> <span class='ocrx_word' id='word_1_53' title='bbox 565 745 639 782; x_wconf 89' lang='lat' dir='ltr'>huc</span> <span class='ocrx_word' id='word_1_54' title='bbox 675 745 850 783; x_wconf 86' lang='lat' dir='ltr'>ituru&#39;st:</span> <span class='ocrx_word' id='word_1_55' title='bbox 891 745 954 783; x_wconf 92' lang='lat' dir='ltr'>ibo</span> <span class='ocrx_word' id='word_1_56' title='bbox 987 756 1056 795; x_wconf 92' lang='lat' dir='ltr'>ego</span> <span class='ocrx_word' id='word_1_57' title='bbox 1091 743 1146 781; x_wconf 88' lang='lat' dir='ltr'>illi</span> <span class='ocrx_word' id='word_1_58' title='bbox 1176 744 1243 781; x_wconf 87' lang='lat' dir='ltr'>ob-</span> 
     </span>
     <span class='ocr_line' id='line_1_13' title="bbox 290 810 416 836; baseline 0 -1"><span class='ocrx_word' id='word_1_59' title='bbox 290 810 416 836; x_wconf 70' lang='lat' dir='ltr'>mam:</span> 
     </span>
    </p>
   </div>
   <div class='ocr_carea' id='block_1_4' title="bbox 133 850 1244 956">
    <p class='ocr_par' dir='ltr' id='par_1_9' title="bbox 133 850 1244 956">
     <span class='ocr_line' id='line_1_14' title="bbox 133 850 1244 902; baseline -0.001 -14"><span class='ocrx_word' id='word_1_60' title='bbox 133 851 271 902; x_wconf 87' lang='lat' dir='ltr'>Neque</span> <span class='ocrx_word' id='word_1_61' title='bbox 289 864 358 902; x_wconf 90' lang='lat' dir='ltr'>ego</span> <span class='ocrx_word' id='word_1_62' title='bbox 372 851 474 888; x_wconf 85' lang='lat' dir='ltr'>hunc</span> <span class='ocrx_word' id='word_1_63' title='bbox 494 851 688 889; x_wconf 85' lang='lat' dir='ltr'>hominem</span> <span class='ocrx_word' id='word_1_64' title='bbox 707 851 819 889; x_wconf 75' lang='lat' dir='ltr'>hodie</span> <span class='ocrx_word' id='word_1_65' title='bbox 838 851 886 889; x_wconf 86' lang='lat' dir='ltr'>ad</span> <span class='ocrx_word' id='word_1_66' title='bbox 906 850 1016 889; x_wconf 85' lang='lat' dir='ltr'>aedeis</span> <span class='ocrx_word' id='word_1_67' title='bbox 1035 850 1103 888; x_wconf 89' lang='lat' dir='ltr'>has</span> <span class='ocrx_word' id='word_1_68' title='bbox 1122 850 1244 888; x_wconf 88' lang='lat' dir='ltr'>sinam</span> 
     </span>
     <span class='ocr_line' id='line_1_15' title="bbox 292 904 669 956; baseline 0.003 -15"><span class='ocrx_word' id='word_1_69' title='bbox 292 917 463 956; x_wconf 89' lang='lat' dir='ltr'>unquam</span> <span class='ocrx_word' id='word_1_70' title='bbox 484 904 669 943; x_wconf 87' lang='lat' dir='ltr'>accedere.</span> 
     </span>
    </p>
   </div>
   <div class='ocr_carea' id='block_1_5' title="bbox 132 956 1244 1009">
    <p class='ocr_par' dir='ltr' id='par_1_10' title="bbox 132 956 1244 1009">
     <span class='ocr_line' id='line_1_16' title="bbox 132 956 1244 1009; baseline -0.001 -14"><span class='ocrx_word' id='word_1_71' title='bbox 132 956 301 1005; x_wconf 87' lang='lat' dir='ltr'><strong>Quando</strong></span> <span class='ocrx_word' id='word_1_72' title='bbox 318 958 445 1009; x_wconf 88' lang='lat' dir='ltr'>imago</span> <span class='ocrx_word' id='word_1_73' title='bbox 465 956 513 995; x_wconf 89' lang='lat' dir='ltr'>‘st</span> <span class='ocrx_word' id='word_1_74' title='bbox 531 957 647 1007; x_wconf 92' lang='lat' dir='ltr'>hujus</span> <span class='ocrx_word' id='word_1_75' title='bbox 665 958 705 995; x_wconf 90' lang='lat' dir='ltr'>in</span> <span class='ocrx_word' id='word_1_76' title='bbox 724 970 800 1007; x_wconf 85' lang='lat' dir='ltr'>me,</span> <span class='ocrx_word' id='word_1_77' title='bbox 819 965 964 996; x_wconf 86' lang='lat' dir='ltr'>certum</span> <span class='ocrx_word' id='word_1_78' title='bbox 984 957 1033 995; x_wconf 88' lang='lat' dir='ltr'>’st</span> <span class='ocrx_word' id='word_1_79' title='bbox 1049 956 1244 995; x_wconf 88' lang='lat' dir='ltr'>hominem</span> 
     </span>
    </p>
   </div>
   <div class='ocr_carea' id='block_1_6' title="bbox 132 1011 1248 1329">
    <p class='ocr_par' dir='ltr' id='par_1_11' title="bbox 291 1011 454 1050">
     <span class='ocr_line' id='line_1_17' title="bbox 291 1011 454 1050; baseline -0.006 0"><span class='ocrx_word' id='word_1_80' title='bbox 291 1011 454 1050; x_wconf 88' lang='lat' dir='ltr'>eludere.</span> 
     </span>
    </p>

    <p class='ocr_par' dir='ltr' id='par_1_12' title="bbox 132 1063 1248 1165">
     <span class='ocr_line' id='line_1_18' title="bbox 132 1063 1248 1116; baseline -0.002 -14"><span class='ocrx_word' id='word_1_81' title='bbox 132 1063 186 1102; x_wconf 87' lang='lat' dir='ltr'>Et</span> <span class='ocrx_word' id='word_1_82' title='bbox 207 1064 411 1112; x_wconf 87' lang='lat' dir='ltr'>enimvero,</span> <span class='ocrx_word' id='word_1_83' title='bbox 432 1064 613 1116; x_wconf 86' lang='lat' dir='ltr'>quoniam</span> <span class='ocrx_word' id='word_1_84' title='bbox 632 1063 794 1102; x_wconf 89' lang='lat' dir='ltr'>formam</span> <span class='ocrx_word' id='word_1_85' title='bbox 814 1064 896 1114; x_wconf 89' lang='lat' dir='ltr'>cepi</span> <span class='ocrx_word' id='word_1_86' title='bbox 913 1063 1030 1113; x_wconf 85' lang='lat' dir='ltr'>hujus</span> <span class='ocrx_word' id='word_1_87' title='bbox 1047 1063 1086 1101; x_wconf 90' lang='lat' dir='ltr'>in</span> <span class='ocrx_word' id='word_1_88' title='bbox 1112 1073 1189 1109; x_wconf 90' lang='lat' dir='ltr'>me,</span> <span class='ocrx_word' id='word_1_89' title='bbox 1210 1069 1248 1100; x_wconf 84' lang='lat' dir='ltr'>et</span> 
     </span>
     <span class='ocr_line' id='line_1_19' title="bbox 292 1115 1243 1165; baseline -0.003 -10"><span class='ocrx_word' id='word_1_90' title='bbox 292 1125 447 1165; x_wconf 86' lang='lat' dir='ltr'>statum,</span> <span class='ocrx_word' id='word_1_91' title='bbox 1165 1115 1243 1153; x_wconf 83' lang='lat'>110</span> 
     </span>
    </p>

    <p class='ocr_par' dir='ltr' id='par_1_13' title="bbox 134 1167 1248 1262">
     <span class='ocr_line' id='line_1_20' title="bbox 134 1167 1248 1231; baseline -0.003 -22"><span class='ocrx_word' id='word_1_92' title='bbox 134 1168 256 1209; x_wconf 87' lang='lat' dir='ltr'>Decet</span> <span class='ocrx_word' id='word_1_93' title='bbox 282 1179 318 1231; x_wconf 76' lang='lat' dir='ltr'>et</span> <span class='ocrx_word' id='word_1_94' title='bbox 344 1171 443 1209; x_wconf 84' lang='lat' dir='ltr'>facta</span> <span class='ocrx_word' id='word_1_95' title='bbox 472 1182 670 1222; x_wconf 87' lang='lat' dir='ltr'>moresque</span> <span class='ocrx_word' id='word_1_96' title='bbox 699 1171 815 1219; x_wconf 89' lang='lat' dir='ltr'>hujus</span> <span class='ocrx_word' id='word_1_97' title='bbox 843 1169 981 1209; x_wconf 88' lang='lat' dir='ltr'>habere</span> <span class='ocrx_word' id='word_1_98' title='bbox 1005 1181 1068 1207; x_wconf 89' lang='lat' dir='ltr'>me</span> <span class='ocrx_word' id='word_1_99' title='bbox 1092 1167 1248 1207; x_wconf 86' lang='lat' dir='ltr'>simileis</span> 
     </span>
     <span class='ocr_line' id='line_1_21' title="bbox 291 1232 397 1262; baseline -0.009 0"><span class='ocrx_word' id='word_1_100' title='bbox 291 1232 397 1262; x_wconf 83' lang='lat' dir='ltr'>ltern.</span> 
     </span>
    </p>

    <p class='ocr_par' dir='ltr' id='par_1_14' title="bbox 133 1269 1248 1329">
     <span class='ocr_line' id='line_1_22' title="bbox 133 1269 1248 1329; baseline -0.001 -15"><span class='ocrx_word' id='word_1_101' title='bbox 133 1269 271 1329; x_wconf 87' lang='lat' dir='ltr'>Itaque</span> <span class='ocrx_word' id='word_1_102' title='bbox 298 1290 360 1316; x_wconf 90' lang='lat' dir='ltr'>me</span> <span class='ocrx_word' id='word_1_103' title='bbox 384 1278 532 1315; x_wconf 87' lang='lat' dir='ltr'>malum</span> <span class='ocrx_word' id='word_1_104' title='bbox 561 1289 640 1315; x_wconf 89' lang='lat' dir='ltr'>esse</span> <span class='ocrx_word' id='word_1_105' title='bbox 661 1283 820 1328; x_wconf 80' lang='lat' dir='ltr'>oportet,</span> <span class='ocrx_word' id='word_1_106' title='bbox 851 1276 1047 1324; x_wconf 88' lang='lat' dir='ltr'>callidum,</span> <span class='ocrx_word' id='word_1_107' title='bbox 1078 1281 1248 1314; x_wconf 86' lang='lat' dir='ltr'>astutum</span> 
     </span>
    </p>
   </div>
   <div class='ocr_carea' id='block_1_7' title="bbox 292 1331 516 1378">
    <p class='ocr_par' dir='ltr' id='par_1_15' title="bbox 292 1331 516 1378">
     <span class='ocr_line' id='line_1_23' title="bbox 292 1331 516 1378; baseline 0 -10"><span class='ocrx_word' id='word_1_108' title='bbox 292 1331 428 1368; x_wconf 86' lang='lat' dir='ltr'>admod</span> <span class='ocrx_word' id='word_1_109' title='bbox 435 1343 516 1378; x_wconf 88' lang='lat' dir='ltr'>um,</span> 
     </span>
    </p>
   </div>
   <div class='ocr_carea' id='block_1_8' title="bbox 133 1381 1247 1541">
    <p class='ocr_par' dir='ltr' id='par_1_16' title="bbox 133 1381 1247 1541">
     <span class='ocr_line' id='line_1_24' title="bbox 134 1381 1247 1435; baseline -0.002 -14"><span class='ocrx_word' id='word_1_110' title='bbox 134 1384 268 1435; x_wconf 85' lang='lat' dir='ltr'>Atque</span> <span class='ocrx_word' id='word_1_111' title='bbox 287 1384 404 1429; x_wconf 87' lang='lat' dir='ltr'>hunc,</span> <span class='ocrx_word' id='word_1_112' title='bbox 425 1385 500 1422; x_wconf 86' lang='lat' dir='ltr'>telo</span> <span class='ocrx_word' id='word_1_113' title='bbox 519 1395 587 1421; x_wconf 91' lang='lat' dir='ltr'>suo</span> <span class='ocrx_word' id='word_1_114' title='bbox 606 1383 692 1428; x_wconf 84' lang='lat' dir='ltr'>sibi,</span> <span class='ocrx_word' id='word_1_115' title='bbox 713 1382 874 1431; x_wconf 64' lang='lat' dir='ltr'>malitia,</span> <span class='ocrx_word' id='word_1_116' title='bbox 894 1397 917 1421; x_wconf 86' lang='lat' dir='ltr'>a</span> <span class='ocrx_word' id='word_1_117' title='bbox 934 1382 1078 1420; x_wconf 82' lang='lat' dir='ltr'>foribus</span> <span class='ocrx_word' id='word_1_118' title='bbox 1096 1381 1247 1433; x_wconf 84' lang='lat' dir='ltr'>pellere.</span> 
     </span>
     <span class='ocr_line' id='line_1_25' title="bbox 133 1435 1246 1487; baseline -0.004 -12"><span class='ocrx_word' id='word_1_119' title='bbox 133 1437 208 1475; x_wconf 86' lang='lat' dir='ltr'>Sed</span> <span class='ocrx_word' id='word_1_120' title='bbox 237 1437 331 1487; x_wconf 90' lang='lat' dir='ltr'>quid</span> <span class='ocrx_word' id='word_1_121' title='bbox 364 1437 455 1474; x_wconf 74' lang='lat' dir='ltr'>illuc</span> <span class='ocrx_word' id='word_1_122' title='bbox 486 1436 570 1474; x_wconf 84' lang='lat' dir='ltr'>est?</span> <span class='ocrx_word' id='word_1_123' title='bbox 610 1436 744 1473; x_wconf 89' lang='lat' dir='ltr'>coelum</span> <span class='ocrx_word' id='word_1_124' title='bbox 773 1436 986 1486; x_wconf 85' lang='lat' dir='ltr'>adspectat:</span> <span class='ocrx_word' id='word_1_125' title='bbox 1027 1435 1246 1482; x_wconf 84' lang='lat' dir='ltr'>observabo,</span> 
     </span>
     <span class='ocr_line' id='line_1_26' title="bbox 295 1495 629 1541; baseline -0.006 -14"><span class='ocrx_word' id='word_1_126' title='bbox 295 1502 413 1541; x_wconf 88' lang='lat' dir='ltr'>quam</span> <span class='ocrx_word' id='word_1_127' title='bbox 431 1501 511 1527; x_wconf 89' lang='lat' dir='ltr'>rem</span> <span class='ocrx_word' id='word_1_128' title='bbox 529 1495 629 1539; x_wconf 87' lang='lat' dir='ltr'>agat.</span> 
     </span>
    </p>
   </div>
   <div class='ocr_carea' id='block_1_9' title="bbox 136 1539 1247 1592">
    <p class='ocr_par' dir='ltr' id='par_1_17' title="bbox 136 1539 1247 1592">
     <span class='ocr_line' id='line_1_27' title="bbox 136 1539 1247 1592; baseline -0.003 -11"><span class='ocrx_word' id='word_1_129' title='bbox 136 1544 219 1581; x_wconf 75' lang='lat' dir='ltr'>Sos.</span> <span class='ocrx_word' id='word_1_130' title='bbox 249 1543 360 1581; x_wconf 88' lang='lat' dir='ltr'>Certe</span> <span class='ocrx_word' id='word_1_131' title='bbox 375 1541 540 1592; x_wconf 87' lang='lat' dir='ltr'>(edepol)</span> <span class='ocrx_word' id='word_1_132' title='bbox 557 1541 646 1588; x_wconf 86' lang='lat' dir='ltr'>scio,</span> <span class='ocrx_word' id='word_1_133' title='bbox 668 1541 698 1579; x_wconf 92' lang='lat' dir='ltr'>si</span> <span class='ocrx_word' id='word_1_134' title='bbox 717 1540 821 1579; x_wconf 89' lang='lat' dir='ltr'>aliud</span> <span class='ocrx_word' id='word_1_135' title='bbox 835 1539 1046 1592; x_wconf 88' lang='lat' dir='ltr'>quidquam</span> <span class='ocrx_word' id='word_1_136' title='bbox 1061 1542 1122 1589; x_wconf 91' lang='lat' dir='ltr'>&#39;st,</span> <span class='ocrx_word' id='word_1_137' title='bbox 1143 1540 1247 1591; x_wconf 89' lang='lat' dir='ltr'>quod</span> 
     </span>
    </p>
   </div>
   <div class='ocr_carea' id='block_1_10' title="bbox 136 1594 1252 2019">
    <p class='ocr_par' dir='ltr' id='par_1_18' title="bbox 136 1594 1252 2019">
     <span class='ocr_line' id='line_1_28' title="bbox 296 1594 1245 1642; baseline -0.002 -9"><span class='ocrx_word' id='word_1_138' title='bbox 296 1595 462 1642; x_wconf 86' lang='lat' dir='ltr'>credam,</span> <span class='ocrx_word' id='word_1_139' title='bbox 483 1602 551 1632; x_wconf 85' lang='lat' dir='ltr'>aut</span> <span class='ocrx_word' id='word_1_140' title='bbox 569 1600 669 1632; x_wconf 84' lang='lat' dir='ltr'>certo</span> <span class='ocrx_word' id='word_1_141' title='bbox 687 1595 819 1642; x_wconf 87' lang='lat' dir='ltr'>sciam,</span> <span class='ocrx_word' id='word_1_142' title='bbox 1171 1594 1245 1631; x_wconf 88' lang='lat'>115</span> 
     </span>
     <span class='ocr_line' id='line_1_29' title="bbox 136 1647 1250 1709; baseline -0.004 -21"><span class='ocrx_word' id='word_1_143' title='bbox 136 1649 260 1688; x_wconf 91' lang='lat' dir='ltr'>Credo</span> <span class='ocrx_word' id='word_1_144' title='bbox 289 1661 359 1709; x_wconf 76' lang='lat' dir='ltr'>ego</span> <span class='ocrx_word' id='word_1_145' title='bbox 387 1648 459 1686; x_wconf 87' lang='lat' dir='ltr'>hac</span> <span class='ocrx_word' id='word_1_146' title='bbox 490 1654 604 1686; x_wconf 85' lang='lat' dir='ltr'>noctu</span> <span class='ocrx_word' id='word_1_147' title='bbox 635 1647 880 1687; x_wconf 84' lang='lat' dir='ltr'>Nocturnum</span> <span class='ocrx_word' id='word_1_148' title='bbox 910 1647 1183 1687; x_wconf 87' lang='lat' dir='ltr'>obdormivisse</span> <span class='ocrx_word' id='word_1_149' title='bbox 1211 1659 1250 1684; x_wconf 90' lang='lat' dir='ltr'>e-</span> 
     </span>
     <span class='ocr_line' id='line_1_30' title="bbox 138 1704 1248 1807; baseline -0.003 -13"><span class='ocrx_word' id='word_1_150' title='bbox 138 1757 242 1794; x_wconf 88' lang='lat' dir='ltr'>Nam</span> <span class='ocrx_word' id='word_1_151' title='bbox 262 1704 441 1807; x_wconf 50' lang='lat' dir='ltr'>ng&#39;qriiensle</span> <span class='ocrx_word' id='word_1_152' title='bbox 459 1754 753 1806; x_wconf 85' lang='lat' dir='ltr'>Septemtriones</span> <span class='ocrx_word' id='word_1_153' title='bbox 772 1767 966 1806; x_wconf 90' lang='lat' dir='ltr'>quoquam</span> <span class='ocrx_word' id='word_1_154' title='bbox 985 1755 1025 1792; x_wconf 89' lang='lat' dir='ltr'>in</span> <span class='ocrx_word' id='word_1_155' title='bbox 1040 1754 1131 1793; x_wconf 81' lang='lat' dir='ltr'>coelo</span> <span class='ocrx_word' id='word_1_156' title='bbox 1144 1765 1248 1792; x_wconf 86' lang='lat' dir='ltr'>com-</span> 
     </span>
     <span class='ocr_line' id='line_1_31' title="bbox 139 1816 1247 1952; baseline -0.002 -52"><span class='ocrx_word' id='word_1_157' title='bbox 139 1863 277 1914; x_wconf 92' lang='lat' dir='ltr'>Neque</span> <span class='ocrx_word' id='word_1_158' title='bbox 294 1816 480 1952; x_wconf 49' lang='grc' dir='ltr'>Ϊέεοῖῗιῗιξέ</span> <span class='ocrx_word' id='word_1_159' title='bbox 499 1873 694 1912; x_wconf 89' lang='lat' dir='ltr'>quoquam</span> <span class='ocrx_word' id='word_1_160' title='bbox 725 1867 863 1908; x_wconf 84' lang='lat' dir='ltr'>mutat,</span> <span class='ocrx_word' id='word_1_161' title='bbox 891 1869 1006 1912; x_wconf 88' lang='lat' dir='ltr'>atque</span> <span class='ocrx_word' id='word_1_162' title='bbox 1031 1861 1089 1899; x_wconf 86' lang='lat' dir='ltr'>uti</span> <span class='ocrx_word' id='word_1_163' title='bbox 1116 1867 1247 1899; x_wconf 83' lang='lat' dir='ltr'>exorta</span> 
     </span>
     <span class='ocr_line' id='line_1_32' title="bbox 138 1923 1252 2019; baseline -0.002 -12"><span class='ocrx_word' id='word_1_164' title='bbox 138 1968 222 2008; x_wconf 91' lang='lat' dir='ltr'>Nec</span> <span class='ocrx_word' id='word_1_165' title='bbox 240 1923 562 2019; x_wconf 47' lang='lat' dir='ltr'>Jugdljgndeque</span> <span class='ocrx_word' id='word_1_166' title='bbox 581 1967 818 2019; x_wconf 84' lang='lat' dir='ltr'>Vesperugo,</span> <span class='ocrx_word' id='word_1_167' title='bbox 846 1979 970 2019; x_wconf 91' lang='lat' dir='ltr'>neque</span> <span class='ocrx_word' id='word_1_168' title='bbox 989 1967 1170 2019; x_wconf 85' lang='lat' dir='ltr'>Vergiliae</span> <span class='ocrx_word' id='word_1_169' title='bbox 1187 1978 1252 2004; x_wconf 88' lang='lat' dir='ltr'>oc·</span> 
     </span>
    </p>
   </div>
   <div class='ocr_carea' id='block_1_11' title="bbox 298 2022 441 2059">
    <p class='ocr_par' dir='ltr' id='par_1_19' title="bbox 298 2022 441 2059">
     <span class='ocr_line' id='line_1_33' title="bbox 298 2022 441 2059; baseline 0 0"><span class='ocrx_word' id='word_1_170' title='bbox 298 2022 441 2059; x_wconf 87' lang='lat' dir='ltr'>cidunt.</span> 
     </span>
    </p>
   </div>
   <div class='ocr_carea' id='block_1_12' title="bbox 140 2072 1252 2166">
    <p class='ocr_par' dir='ltr' id='par_1_20' title="bbox 140 2072 1252 2166">
     <span class='ocr_line' id='line_1_34' title="bbox 140 2072 1252 2166; baseline -0.003 -53"><span class='ocrx_word' id='word_1_171' title='bbox 140 2075 201 2113; x_wconf 82' lang='lat' dir='ltr'>Ita</span> <span class='ocrx_word' id='word_1_172' title='bbox 220 2075 353 2166; x_wconf 56' lang='grc' dir='ltr'>εαιῖίἇζιΑ</span> <span class='ocrx_word' id='word_1_173' title='bbox 366 2082 464 2113; x_wconf 84' lang='lat' dir='ltr'>stant</span> <span class='ocrx_word' id='word_1_174' title='bbox 484 2075 614 2126; x_wconf 80' lang='lat' dir='ltr'>signa:</span> <span class='ocrx_word' id='word_1_175' title='bbox 635 2087 759 2126; x_wconf 81' lang='lat' dir='ltr'>neque</span> <span class='ocrx_word' id='word_1_176' title='bbox 776 2086 854 2113; x_wconf 89' lang='lat' dir='ltr'>nox</span> <span class='ocrx_word' id='word_1_177' title='bbox 871 2086 1065 2126; x_wconf 87' lang='lat' dir='ltr'>quoquam</span> <span class='ocrx_word' id='word_1_178' title='bbox 1084 2072 1252 2163; x_wconf 51' lang='lat' dir='ltr'>concfgg</span> 
     </span>
     <span class='ocr_line' id='line_1_35' title="bbox 322 2140 368 2166; baseline 0.022 -1"><span class='ocrx_word' id='word_1_179' title='bbox 322 2140 368 2166; x_wconf 72' lang='grc' dir='ltr'>ιε.</span> 
     </span>
    </p>
   </div>
  </div>
 </body>
</html>
