1412 2427
417 61 788 102 AMPHITRUO.
822 63 880 102 11.
909 66 947 101 2.
1178 67 1230 110 37

124 170 269 221 Amph.
299 169 405 208 Tun'
424 183 487 208 me
504 169 586 208 heri
603 169 797 208 mlx-enim
813 170 905 208 dicis
922 172 940 208 ?

417 225 504 261 Alc.
536 224 642 261 Tun'
661 230 698 261 te
715 225 837 262 abisse
853 223 966 261 hodie
981 222 1070 261 hinc
1089 227 1233 276 negas?

122 276 269 328 Amph
298 278 411 328 Nego
429 277 646 322 enimvero,
635 290 645 300 ·
676 284 714 314 et
738 290 801 315 me
832 277 1008 315 advenire
1032 289 1134 317 nunc
1158 280 1235 330 pri-

283 344 393 369 mum
415 331 475 369 aio
494 330 542 368 ad
560 338 598 369 te
615 330 1234 376 domum-127

123 385 210 423 Alc.
241 384 611 476 Osssffirglfiltiamne
628 384 701 422 hoc
714 384 883 436 negabis,
904 392 941 423 te
958 397 1112 423 aurfflm
1133 395 1237 438 pate-

123 491 286 530 Dedisse
297 492 397 530 dono
408 491 534 539 hodie,
549 505 627 543 qua
638 499 675 529 te
685 491 763 530 illic
775 491 960 530 donatum
972 504 1050 531 esse
1061 493 1236 533 dixeras?

124 546 272 596 Amph.
301 547 440 596 Neque
453 545 626 597 (edepol)
636 545 737 593 dedi,
758 557 881 597 neque
895 545 999 584 dixi.
1032 560 1164 584 verum
1184 548 1238 586 ita

287 599 477 638 animatus
494 599 567 645 fui,
1161 602 1236 639 130

127 652 285 704 Ita-que
302 665 404 690 nunc
423 666 523 701 sum,
543 660 588 691 ut
601 665 646 691 ea
659 660 696 691 te
709 652 839 705 patera
854 652 1005 692 donem.
1060 653 1135 692 Sed
1153 655 1240 706 quis

285 707 384 745 istuc
403 706 473 745 tibi

126 760 240 798 Dixit
256 763 273 799 ?

208 814 291 853 Alc.
318 815 407 865 Ego
425 814 582 866 quidem
607 827 654 853 ex
679 820 716 852 te
734 813 875 859 audivi,
896 822 933 852 et
952 827 999 853 ex
1023 815 1090 854 tu&
1115 817 1240 869 accepi

286 880 406 906 manu

130 922 319 961 Pateram.

92 990 95 991 ⁷
263 977 409 1026 Amph.
439 976 574 1024 Mane,
603 988 728 1021 mane,
749 976 901 1014 obsecro
920 983 969 1014 te.
1024 977 1154 1016 Nimis
1176 977 1242 1017 de·-

291 1031 424 1077 mimr,
444 1030 566 1076 Sosia,

100 1083 106 1086 ’
133 1083 218 1131 Qui
237 1083 333 1121 iflaec
349 1083 429 1121 illic
446 1095 509 1120 me
527 1083 712 1121 donatum
731 1095 811 1122 esse
829 1097 943 1122 aurea
961 1083 1090 1134 patera
1109 1085 1214 1133 sciat,

135 1136 225 1175 Nisi
251 1147 295 1174 tu
323 1136 472 1174 dudum
498 1136 597 1175 hanc
624 1137 844 1185 convenisti,
876 1145 913 1174 et
937 1138 1136 1175 narravisti
1163 1139 1244 1178 haec

292 1190 433 1228 omnia.
1168 1192 1243 1230 135

134 1244 210 1282 Sos.
237 1244 376 1295 Neque
397 1242 566 1295 (edepol)
588 1255 657 1295 ego
670 1243 765 1291 dixi,
785 1256 909 1296 neque
927 1244 1040 1283 istam
1060 1245 1153 1292 vidi,
1174 1246 1246 1284 nisi

296 1305 422 1335 tecum
441 1297 571 1335 simul.

135 1352 282 1403 Amph.
308 1350 418 1399 Quid
433 1350 505 1388 hoc
524 1351 572 1389 sit
590 1351 783 1390 hominis?

464 1404 549 1443 Alc.
582 1405 691 1443 Vi’n’
710 1405 868 1457 proferri
885 1414 1053 1457 pateram
1070 1409 1086 1445 ,⁹

788 1461 933 1510 Amph.
965 1461 1131 1499 Proferri
1150 1462 1245 1500 volo.

134 1515 221 1552 Alc.
254 1513 355 1552 Fiat.
412 1512 492 1560 Tu,
521 1512 722 1562 Thessala,
751 1513 855 1552 intus
881 1521 1052 1565 pateram
1083 1515 1248 1566 proferto

293 1567 408 1614 foras,

136 1620 229 1669 Qua
245 1620 358 1659 hodie
375 1634 485 1659 meus
502 1620 560 1659 vir
578 1621 732 1660 donavit
749 1633 824 1659 me

617 1676 763 1726 Amph.
796 1674 935 1712 Secede
953 1674 1029 1713 huc
1048 1683 1104 1725 tu,
1126 1678 1247 1718 Sosia.

136 1728 345 1767 Enimvero
380 1729 491 1777 illud,
533 1737 670 1780 praeter
700 1728 775 1767 alia
814 1728 927 1776 mira,
963 1729 1081 1768 miror
1112 1743 1250 1769 manu-

299 1795 375 1825 me,
1175 1785 1250 1823 140

139 1836 181 1875 Si
198 1835 279 1874 haec
296 1835 411 1874 habet
428 1845 597 1888 pateram
616 1836 736 1874 illam.

274 1889 350 1926 Sos.
380 1891 444 1927 An
466 1890 579 1928 edam
599 1890 639 1927 id
657 1890 792 1936 credis,
813 1903 899 1941 quae
917 1890 957 1928 in
975 1890 1047 1928 hac
1067 1891 1254 1930 c’wtellula

142 1943 231 1982 Tuo
250 1943 359 1994 signo
375 1944 574 1995 obsignata
591 1944 711 1981 fertur
723 1946 740 1981 ἓ

553 1998 700 2047 Amph.
729 1997 888 2036 Salvum
908 1998 1061 2048 signum
1083 1998 1130 2036 'st
1145 2001 1162 2036 ?

985 2051 1060 2089 Sos.
1091 2052 1256 2104 Inspice.

141 2105 287 2154 Amph.
318 2104 452 2151 Recte,
471 2104 526 2143 ita
542 2104 605 2151 'st‚
623 2111 668 2142 ut
686 2105 893 2156 obsignavi.

558 2157 635 2196 Sos.
663 2157 820 2207 Quaeso,
841 2159 934 2210 quin
955 2167 996 2197 tu
1015 2159 1134 2197 istanc
1149 2161 1259 2208 jubes

197 2222 301 2248 vor..
326 2223 355 2250 ῐ.
1071 2222 1097 2249 Ε
