1412 2427
450 26 751 66 ASINARIA.
780 25 832 63 V.
860 27 898 62 2.
1155 27 1228 64 109

369 185 556 224 ACTUS
584 185 638 223 V.
694 185 882 224 SCENA
910 185 971 223 ΙΙ.

168 290 471 330 -ΑΒΤΕΜΟΝΑ.
515 291 793 329 PARAsrrus.
839 289 1156 329 DEMAENEi-cs.

341 345 677 383 ARGYRIPPUS.
704 344 999 382 PHILENIPM.

110 452 260 491 Artem.
286 451 393 490 Ai’n'
413 459 471 499 tu,
500 463 633 490 meum
652 450 779 489 virum
806 450 871 489 hic
897 459 1042 503 potare,
1061 452 1227 498 obsecro,

274 518 362 543 cum
382 505 460 543 filio
474 507 492 544 ?

111 559 166 597 Et
184 559 233 597 ad
251 559 415 597 amicam
433 558 611 597 detulisse
628 558 776 608 argenti
793 558 930 609 viginti
946 558 1101 597 minas?

117 612 290 663 Meoque
308 613 386 650 filio
405 612 556 659 sciente,
576 612 617 650 id
634 612 755 650 facere
774 612 963 662 flagitium
981 620 1127 663 patrem
1138 612 1157 649 ⁰?

115 667 261 704 Parus.
298 666 437 717 Neque
467 666 588 703 divini
623 678 748 717 neque
783 668 841 703 mi
875 665 1037 703 humani
1072 666 1229 718 posthac

271 719 484 771 quidquam
503 719 716 767 accreduas,

120 773 348 821 Artemona,
387 774 420 810 si
455 773 573 822 hujus
608 773 662 811 rei
697 785 761 811 me
794 785 876 811 eme
910 773 1133 811 mendacem
1168 773 1228 811 in-

272 827 428 865 veneris.
1203 829 1228 863 5

112 881 263 919 Artem.
298 881 354 942 tlt
379 880 532 919 scelaeta
559 892 642 931 ego,
662 886 799 931 praeter
817 879 924 929 alios,
952 892 1084 918 meum
1103 880 1228 918 vii-um

111 987 265 1026 Siccum
269 933 432 1039 fusi-dg?
440 987 712 1035 continentem,
741 994 935 1025 amantem
962 987 1094 1025 uxoris
1120 1000 1230 1025 max-

114 1095 258 1131 Parus.
273 1054 471 1132 Ἓεῃιιηο
496 1093 633 1132 dehinc
660 1093 768 1140 scito,
796 1093 925 1141 illum,
953 1101 1041 1132 ante
1068 1094 1228 1142 omneis,

273 1147 425 1185 minimi
444 1147 643 1185 mortalem
663 1148 777 1197 preti,

113 1200 337 1247 Madidum,
354 1200 477 1244 11111111,
490 1200 801 1248 incontinentem,
815 1208 930 1252 atque
942 1213 1088 1239 osorem
1100 1201 1229 1240 uxoris

113 1267 379 1355 Artemslffil,
399 1307 440 1345 ni
458 1319 546 1345 vera
564 1307 636 1345 ista
655 1315 790 1355 essent,
809 1319 1012 1358 nunquam
1031 1307 1168 1346 faceret
1187 1321 1231 1346 ea

275 1374 362 1412 quae
379 1372 483 1398 nunc
500 1360 602 1397 facit.
1182 1362 1230 1399 10

112 1417 257 1454 Parus.
278 1415 368 1465 Ego
382 1426 535 1465 quoque
549 1417 562 1459 (
575 1412 719 1462 hercle)
733 1414 846 1452 illum
864 1414 1022 1453 antehac
1036 1414 1232 1453 hominem

274 1480 424 1519 semper
442 1479 529 1506 sum
548 1467 652 1517 frugi
670 1474 786 1505 ratus.

115 1521 263 1560 Verum
282 1521 354 1560 hoc
367 1521 467 1559 facto
486 1533 566 1558 sese
583 1521 761 1568 ostendit,
782 1521 850 1572 qui
869 1521 1025 1573 quidem
1045 1535 1132 1560 cum
1152 1522 1232 1560 filio

113 1577 227 1615 Potet
249 1575 343 1622 111111,
363 1582 477 1626 atque
494 1574 573 1612 una
591 1574 754 1613 amioem
780 1575 908 1614 ductet
934 1575 1146 1627 decrepitus
1173 1589 1231 1614 se-

114 1641 395 1743 Artem.ml{·oc
424 1684 602 1732 (ecastor)
632 1688 700 1731 est,
730 1682 834 1733 quod
859 1682 926 1721 ille
952 1683 983 1721 it
1010 1682 1059 1720 ad
1087 1695 1232 1721 coenam

115 1790 187 1828 Ait
205 1735 431 1828 seseoeil¹edleed
452 1788 747 1838 Archidemum,
770 1790 983 1838 Chaeroem,
1005 1789 1233 1855 Chaerestra:

116 1850 541 1943 Cliniamtjngl'iremon,
571 1896 788 1946 Cratinum,
809 1896 985 1945 Diniam,
1005 1844 1233 1935 Demosthletz

118 2002 174 2049 Is,
190 1962 493 2054 apugemscortum,
513 2004 733 2056 corruptelae
752 2011 789 2043 et
805 2003 932 2042 liberis
949 2004 1078 2043 lustris
1096 2003 1233 2042 studet.

120 2058 266 2095 Paros.
297 2056 406 2104 Quin
430 2064 473 2095 tu
504 2057 617 2096 illum
643 2059 756 2108 jubes
780 2057 936 2097 ancillas
960 2071 1091 2108 rapere
1116 2056 1234 2095 subli-

283 2122 386 2148 mem
406 2110 565 2149 domum
580 2114 597 2148 ἐ

179 2172 284 2201 voi..
307 2175 336 2200 1.
992 2173 1017 2199 1.
