1412 2427
179 44 230 80 90
500 40 800 80 ASINARIA.
830 39 889 78 11.
922 40 959 76 4.

175 149 291 185 Leon.
321 147 411 185 Non
431 147 726 198 magnipendo:
756 159 803 185 ne
829 145 926 194 duit,
951 145 981 183 si
1003 157 1079 183 non
1099 145 1189 184 volt.
1217 145 1279 185 Sic

335 201 413 238 s'me
431 200 562 239 adstet.

175 256 314 292 Libcm.
342 254 419 299 Da,
450 254 620 304 inquam.
663 253 748 292 Vah
765 253 774 290 !
808 251 970 291 formido
994 252 1120 301 miser,
1150 264 1198 290 ne
1217 252 1280 290 hic

332 319 394 343 me
413 307 480 344 tibi
499 307 698 346 arbitretur
1228 308 1280 342 55

175 360 358 406 Suasisse,
379 359 449 396 sibi
464 372 511 397 ne
523 359 698 398 crederes.
726 360 804 407 Da,
818 371 958 410 quaeso,
972 370 1015 396 ac
1032 370 1080 396 ne
1091 358 1253 396 formida
1265 372 1277 396 e

176 414 335 452 Salvum
356 411 528 463 (hercle)
552 413 633 450 erit.

406 467 536 503 Mer-c.
565 466 726 504 Credam
745 465 837 512 sore,
857 464 950 502 dum
969 464 1124 515 quidem
1142 464 1223 516 ipse
1239 465 1279 503 in

489 531 607 556 manu
624 519 756 557 habeo.

175 571 401 622 Peregrinus
420 584 489 622 ego
506 585 591 610 sum
608 586 618 609 ε
649 573 830 610 Sauream
849 583 924 609 non
943 570 1043 609 novi.

807 626 947 662 Liban.
975 625 1034 662 At
1052 636 1161 662 nosce
1179 638 1280 665 sane.

175 679 306 715 More.
334 677 406 725 Sit,
427 689 502 715 non
522 678 582 725 sit,
595 690 671 715 non
693 678 862 729 (edepol)
880 678 966 716 scio.
996 678 1038 716 Si
1051 677 1083 716 is
1101 685 1170 725 est,
1191 692 1278 717 eum

334 743 413 769 esse
432 738 589 781 oportet.

174 784 261 834 Ego
285 792 383 822 certe
404 797 466 821 me
487 785 627 822 incerto
652 785 727 823 scio
752 784 824 823 hoc
845 784 1024 823 daturum
1046 784 1188 823 nemini
1210 785 1279 824 ho-

334 837 441 874 mini.
1228 840 1280 878 60

176 891 294 928 Leon.
331 890 484 937 Hercle,
518 891 634 928 istum
667 890 737 928 Dii
765 903 895 929 omnes
921 889 1098 942 perduint
1115 891 1124 928 !
1167 894 1280 931 verbo

331 955 419 980 cave
437 944 688 994 supplicassis.

175 997 298 1034 Ferox
317 1003 384 1042 est,
405 996 538 1046 viginti
557 997 679 1035 minas
698 1010 800 1035 meas
819 1003 975 1034 tractare
993 1009 1084 1035 sese.

174 1050 301 1088 Nemo
319 1048 476 1099 accipit:
499 1050 604 1087 aufer
622 1057 659 1088 te
677 1050 835 1088 domum
850 1061 862 1094 3
885 1049 1040 1088 abscede
1057 1050 1169 1097 hinc;
1197 1064 1280 1091 mo.

333 1102 449 1139 lestus
468 1114 515 1140 ne
533 1103 594 1140 sis.

174 1157 302 1192 Mero.
333 1155 461 1192 Nimis
490 1156 680 1196 iracunde.
726 1157 817 1195 Non
840 1156 945 1194 decet
968 1158 1174 1208 superbum
1203 1172 1281 1198 esse

333 1208 527 1246 hominem
545 1223 708 1248 servum.

176 1263 312 1300 Liban.
347 1261 458 1298 Malo
476 1266 490 1310 (
507 1262 649 1312 hercle)
665 1265 748 1314 jam
766 1275 907 1314 magno
925 1269 993 1301 tuo
1010 1274 1113 1302 nunc
1129 1265 1192 1304 isti
1212 1277 1282 1305 nec

333 1322 430 1351 recte
448 1315 551 1353 dicis.
1227 1321 1280 1357 65

175 1369 347 1418 Impure,
368 1367 502 1405 nihili!
535 1381 611 1407 non
631 1370 734 1408 vides
755 1370 897 1408 irasci?

863 1424 982 1461 Leon.
1014 1422 1135 1474 Perge
1151 1437 1277 1475 porro-

175 1474 384 1525 Flagitium
403 1474 569 1512 hominis
584 1475 594 1512 !

504 1529 645 1566 Liban.
673 1528 752 1575 Da,
771 1529 934 1572 obsecro,
956 1537 1156 1580 argentum
1174 1531 1278 1581 huic,

585 1593 633 1618 ne
647 1582 746 1619 male
763 1581 954 1631 loquatur.

175 1635 307 1671 Alere.
336 1632 491 1670 Malum
510 1633 679 1683 (hercle)
698 1634 803 1672 vobis
822 1635 1002 1684 quaeritis.

517 1688 639 1725 Leon.
668 1688 790 1725 Crura
809 1687 981 1738 (hercle)
999 1689 1278 1741 diffringentur,

172 1739 228 1777 Ni
246 1739 364 1776 istum
382 1739 621 1790 impudicum
645 1741 796 1791 percies.

464 1793 603 1831 Liban.
633 1794 748 1841 Perii,
767 1793 891 1831 hercle
910 1794 919 1831 Ξ
949 1795 1052 1845 Age,
1071 1796 1278 1848 impudice,

171 1844 352 1884 Sceleste!
382 1857 458 1882 non
476 1846 591 1884 audes
611 1847 706 1884 mihi
724 1847 876 1885 scelesto
895 1849 1122 1888 subvenire?
1227 1852 1280 1896 70

172 1900 293 1937 Leon.
323 1897 491 1949 Pergi’n’
511 1899 653 1950 precari
671 1912 847 1950 pessumo
865 1902 882 1938 ἓ

516 1954 646 1990 Alere.
664 1954 764 2001 Quae
781 1956 870 1992 res?
901 1955 983 1993 tun'
1002 1955 1120 1995 libero
1132 1955 1278 1995 homini

172 2004 281 2043 Male
300 2018 426 2044 servus
444 2005 627 2056 loquere?

392 2060 511 2096 Leon.
541 2059 705 2110 Vapula.
