1412 2427
405 53 767 92 AULULARIA.
797 53 856 91 II.
891 55 925 90 1.
1140 57 1209 94 121

101 160 193 199 Tibi
210 172 440 212 proxumam
458 172 535 207 me,
554 158 728 210 mihique
746 159 838 197 item
857 172 936 198 esse
952 168 1010 205 te3
1190 165 1215 202 9

100 213 156 251 Ut
174 226 329 264 aequum
350 214 410 260 'st,
427 213 532 264 quod
548 213 590 250 in
603 225 684 250 rem
703 225 784 251 esse
801 213 954 264 utrique
973 213 1213 260 arbitremur,

95 266 150 304 Et
167 266 264 304 mihi
279 276 328 314 te,
349 275 386 305 et
404 267 475 305 tibi
493 279 570 310 me,
592 267 786 304 consulere
806 274 843 304 et
859 279 1038 311 monere3
1165 270 1209 306 ll

96 318 236 372 Neque
254 321 448 358 occultum
466 320 506 358 id
529 320 674 368 haberi,
698 331 823 371 neque
845 333 912 370 per
935 330 1084 358 metum
1108 334 1213 360 mus-

94 426 202 474 Quin
222 428 444 480 participem
463 428 604 479 pariter
622 439 692 478 ego
710 434 761 474 te,
783 434 819 465 et
836 434 880 465 tu
899 439 962 465 me
980 436 1023 465 ut
1041 427 1170 466 facias.

92 481 154 519 Eo
169 493 272 518 nunc
290 494 360 532 ego
378 490 517 520 secreto
535 489 572 520 te
588 481 665 518 huc
685 480 784 518 foras
803 480 951 527 seduxi,

94 535 150 572 Ut
169 541 276 572 tuam
295 548 376 573 rem
395 547 465 586 ego
483 543 609 573 tecum
630 535 694 572 hic
712 535 886 585 loquerer
903 534 1146 573 familiarem.
1165 537 1213 573 15

93 589 209 638 Δίες.
238 588 303 626 Da
322 589 433 636 mihi,
452 597 611 640 optuma
628 587 786 635 femina,
806 600 980 625 manum.

656 643 763 679 Eun.
788 641 871 680 Ubi
888 654 932 680 ea
950 645 1036 681 est?
1065 642 1151 694 quis
1169 655 1214 680 ω

92 694 166 734 Est
184 707 276 733 nam
295 699 487 748 optuma?

416 751 530 800 Meg.
554 749 631 787 Tu.

575 806 615 842 E
619 817 681 841 un.
714 803 828 842 Tune
846 804 931 842 ais?

869 859 986 907 Meg.
1017 857 1060 896 Si
1078 868 1210 908 negas,

91 910 218 962 Nego.

76 990 79 991 ν
252 968 358 1004 Eun.
386 966 508 1004 Decet
526 973 563 1003 te
581 965 759 1017 equidem
778 978 867 1003 vera
884 964 1084 1017 proloqui:

91 1018 198 1056 Nam
213 1027 372 1070 optuma
389 1019 497 1058 nulla
514 1027 638 1070 potest
657 1019 770 1070 eligi:
799 1020 876 1057 alia
894 1019 970 1057 alia

92 1072 220 1121 Pejor,
239 1073 368 1120 frater,
389 1080 457 1111 εει.

397 1127 512 1175 λίες.
539 1126 650 1164 Idem
670 1139 740 1177 ego
759 1126 943 1170 arbitron
975 1138 1043 1163 nec
1061 1125 1130 1164 tibi
1158 1128 1210 1164 20

90 1179 298 1218 Advorsari
316 1187 460 1217 certum
476 1180 524 1217 ’st
541 1179 589 1217 de
606 1179 697 1218 istac
715 1193 755 1217 re
774 1192 962 1231 unquam,
983 1191 1098 1217 soror.

90 1236 198 1271 Eun.
227 1233 292 1271 Da
310 1233 406 1270 mihi
424 1245 593 1284 operam,
615 1235 764 1270 amabo.

706 1288 820 1336 ilseg.
856 1287 945 1324 Tua
964 1292 1042 1330 θεῖς
1074 1293 1205 1330 utere;

88 1341 223 1393 Atque
241 1341 401 1391 impera,
422 1341 454 1378 si
472 1340 566 1392 quid
586 1340 654 1377 vis.

609 1396 716 1431 Eun.
748 1394 797 1432 Id
817 1393 924 1445 quod
942 1393 983 1430 in
1001 1405 1083 1431 rem
1103 1401 1210 1431 tuam

88 1449 309 1499 Optumum
328 1460 407 1486 esse
425 1447 598 1492 arbitror,
619 1455 656 1485 te
674 1447 714 1484 id
733 1447 975 1486 admonitum
994 1446 1169 1484 advento.

87 1505 204 1552 Meg.
233 1503 361 1551 Soror,
382 1514 487 1539 more
506 1508 573 1538 tuo
591 1500 696 1538 facis.

537 1556 644 1592 Eun.
675 1555 794 1593 Facta
811 1555 911 1594 volo.

720 1610 834 1658 fileg.
866 1607 975 1657 Quid
994 1616 1049 1646 est
1067 1607 1121 1657 id,
1152 1610 1205 1646 25

86 1662 199 1701 Soror
213 1666 230 1702 ?

246 1719 352 1756 Eun.
382 1716 501 1765 Quod
516 1715 587 1754 tibi
605 1716 879 1768 sempiternum
899 1716 1063 1754 salutare

86 1769 159 1817 Sit,
178 1770 418 1822 procreandis
436 1769 576 1816 liberis,
600 1770 673 1820 (ita
692 1770 760 1807 Dii
778 1769 902 1808 faxint
918 1770 952 1820 ἔ)

85 1822 189 1862 Volo
208 1833 245 1863 te
262 1837 423 1863 uxorem
442 1823 602 1862 domum
625 1822 774 1862 ducere.

774 1878 891 1927 Meg.
919 1877 998 1916 Hei
1015 1877 1024 1914 Ξ
1056 1877 1176 1916 occidi
1193 1878 1202 1915 ἔ

85 1933 194 1970 Eun.
225 1931 335 1980 Quid
355 1931 437 1970 ita?

108 1992 110 1994 ’
247 1987 362 2036 Meg.
390 1985 497 2033 Quia
514 1984 611 2023 mihi
629 1985 767 2024 misero
786 1987 982 2024 cerebrum
1008 1985 1208 2024 excutiunt

87 2038 177 2077 Tua
194 2039 310 2087 dicta,
331 2051 457 2077 soror:
487 2037 633 2089 lapidae
651 2039 828 2091 loqueris.

643 2094 750 2131 Eun.
780 2093 881 2131 Heia
897 2093 906 2130 !
937 2092 1010 2130 hoc
1026 2092 1121 2138 face,
1151 2091 1204 2127 30

82 2146 202 2194 Quod
219 2153 257 2185 te
271 2147 382 2196 jubet
402 2159 517 2184 soror.

136 2210 240 2238 v01..
258 2211 287 2238 1.
1006 2209 1041 2235 Μ
