1412 2427
427 65 765 106 BACCHIDES.
796 67 872 107 IV.
903 70 940 107 4.
1173 71 1248 111 199

136 178 267 214 filnes.
295 173 402 221 Quid
420 185 523 212 nunc
541 185 580 211 es
597 172 798 223 facturus?
826 174 865 212 id
891 176 987 214 mihi
1012 176 1105 215 dice.
1152 177 1248 216 Coc-

293 235 377 265 tum
396 235 451 265 est
468 226 684 278 prandium.
1195 233 1247 269 65

140 283 235 321 Chr.
265 281 346 319 Vos
375 280 452 318 duo
481 279 607 325 eritis3
637 287 753 332 atque
781 281 903 320 amica
933 289 998 320 tua
1028 283 1097 321 erit
1123 292 1247 322 tecum

299 342 419 372 terna.

139 390 272 428 filnes.
298 388 405 427 Sicut
422 387 526 424 dicis.

344 442 440 480 Chr.
469 440 675 479 Pistoclero
692 441 799 480 nulla
818 442 940 480 amica
957 450 1023 480 est.

801 497 934 533 Mnes.
964 497 1107 545 Immo,
1127 497 1244 535 adest.

136 550 314 589 Alteram
349 548 414 586 ille
449 554 554 585 amat
588 559 767 596 sororem,
804 561 874 600 ego
913 550 1085 599 alteram,
1116 553 1248 590 ambas

296 601 519 641 Bacchides.

139 658 234 698 Chr.
259 656 368 704 Quid
386 663 428 694 tu
446 653 611 705 loqueris
624 653 642 690 ’ἓ

404 710 537 746 Mnes.
565 708 667 757 Hoc,
687 715 731 746 ut
748 707 869 747 futuri
888 722 1034 749 sumus.

752 763 847 801 Chr.
876 763 956 802 Ubi
975 771 1029 803 est
1048 763 1247 803 biclinium

135 818 257 859 Vobis
275 824 436 857 stratum
448 814 467 852 ⁰?

351 872 409 908 M
408 883 482 908 nes.
510 867 618 916 Quid
636 867 676 906 id
694 868 859 920 exquiris
875 871 893 909 ?

566 923 661 961 Cler.
694 922 772 961 Res
788 923 843 961 ita
861 930 940 962 oet:
969 923 1045 962 dici
1064 925 1161 962 volo.
1194 924 1246 969 70

134 979 283 1028 Nesci5‚
309 977 402 1030 quid
423 989 492 1027 ego
510 983 662 1014 acturus
688 975 773 1024 sim,
800 988 938 1028 neque,
960 976 1106 1017 facinus
1125 991 1246 1031 quan-

293 1040 377 1070 tum
397 1030 581 1068 exordiar.

135 1090 192 1127 M
193 1101 268 1126 nes.
297 1085 401 1125 Cedo
420 1096 593 1129 manum,
614 1096 657 1122 ac
681 1084 907 1135 subsequere
929 1084 1087 1135 propius
1109 1098 1172 1124 me
1196 1085 1246 1124 ad

295 1139 418 1178 foreis.
451 1138 560 1175 Intro
578 1137 733 1188 inspice.

136 1197 232 1236 Chr.
260 1192 401 1233 Euax!
433 1191 547 1229 nimis
574 1191 712 1239 benus,
745 1198 860 1242 atque
885 1197 930 1229 ut
957 1203 1035 1229 esse
1062 1204 1246 1231 maxume

289 1248 484 1298 optabam,
502 1245 620 1282 locus.

133 1304 238 1343 Pist.
261 1298 399 1350 [Quod
414 1297 619 1349 imperasti,
639 1298 908 1350 impetratum:
930 1299 1026 1337 bene
1042 1299 1152 1338 bonis
1167 1299 1244 1338 fac-

294 1363 378 1393 tum
396 1352 498 1390 illico
517 1353 608 1404 est.]

135 1413 232 1452 Chr.
260 1408 369 1458 Quid
387 1405 561 1458 parasti?

398 1462 504 1500 Pist.
534 1458 636 1506 Quae
651 1459 776 1510 parari
795 1466 836 1496 tu
857 1458 1005 1508 jussisti
1022 1458 1162 1498 omnia.
1192 1461 1243 1505 75

133 1521 230 1560 Chr.
258 1517 363 1569 Cape
381 1515 511 1554 stilum
529 1525 687 1564 propere
707 1521 743 1551 et
761 1512 918 1550 tabellas
937 1520 979 1550 tu
997 1513 1066 1550 has
1085 1513 1168 1553 tibi.

794 1567 927 1604 Mnes.
956 1565 1065 1614 Quid
1084 1567 1242 1617 postea?

133 1628 232 1668 Chr.
260 1622 378 1674 Quod
393 1623 550 1672 jubebo,
571 1621 722 1661 scribito
739 1620 846 1659 istic:
875 1632 966 1659 nam
991 1629 1189 1672 propterea
1207 1628 1243 1660 te

288 1677 376 1717 volo

130 1733 314 1781 Scribere,
328 1738 373 1770 ut
390 1737 496 1782 pater
514 1736 713 1781 cognoscat
728 1728 869 1776 literas,
890 1727 1044 1779 quando
1061 1727 1175 1779 legat.

130 1788 271 1829 Scribe.

291 1838 349 1876 M
348 1849 425 1875 nes.
452 1835 560 1884 Quid
577 1836 769 1874 scribam?

494 1890 590 1928 Chr.
619 1889 792 1928 Salutem
810 1896 876 1927 tuo
894 1887 992 1940 patri
1011 1888 1133 1927 verbis
1151 1890 1242 1928 tuis.

129 1951 234 1990 Pist.
260 1943 370 1995 Quid
388 1943 420 1983 si
436 1943 564 1995 potius
581 1944 759 1982 morbum
779 1950 815 1981 et
834 1950 995 1981 mortem
1015 1942 1182 1981 scribat?
1201 1942 1242 1980 id

288 1999 357 2038 erit
374 1997 523 2036 rectius.
1189 1997 1242 2033 80

127 2059 262 2097 Μηω.
308 2053 372 2091 Ne
406 2051 627 2089 interturba.
687 2051 782 2090 Jam
818 2049 1044 2101 imperatum
1081 2049 1120 2087 in
1157 2048 1241 2087 cera

285 2108 393 2146 inaet.

397 2159 490 2198 Chr.
519 2157 595 2197 Dic
613 2155 937 2210 quemadmodum
950 2158 969 2194 ?
