1412 2427
190 28 269 65 252
493 27 820 69 CAPTEIVEI.
851 28 936 67 111.
964 29 1004 66 4.

190 134 320 172 Arist.
352 133 441 172 Non
465 133 564 173 fuit:
601 147 723 186 neque
742 147 812 185 ego
834 135 930 174 istuc
957 145 1096 172 nomen
1125 145 1298 185 unquam

350 187 480 225 audivi
499 195 586 226 ante
604 188 707 226 hunc
726 187 842 226 diem.
1219 185 1293 224 1⁰1

192 240 398 280 Philocrati
418 240 744 280 Theodoromedes
762 241 835 279 fuit
853 249 970 293 pater.

861 295 986 343 Tynd.
1007 293 1125 332 Pereo
1143 293 1272 344 probe.

191 347 299 395 Quin
332 347 492 399 quiescis
523 346 728 386 dierectum
762 360 825 386 cox-
854 349 1017 385 meum?
1075 347 1111 395 Ι,
1144 358 1187 384 ac
1217 357 1299 383 sus-

423 401 470 438 de
488 409 536 439 te.

192 454 256 492 Tu
276 413 490 499 subfflm3
521 465 591 505 ego
609 453 721 492 miser
740 454 804 491 vix
824 453 932 492 adsto
948 466 1027 504 prae
1044 451 1259 490 formidine.

191 509 298 557 Heg.
326 506 461 545 Sati'n'
487 507 582 545 istuc
609 507 704 544 mihi
726 507 956 559 exquisitum
977 505 1038 555 ’st,
1058 505 1172 544 fuisse
1196 505 1302 542 hunc

349 573 498 598 servum
518 560 557 598 in
577 560 723 598 Alide?
1228 559 1300 595 105

190 614 328 666 Neque
345 626 424 652 ωδε
441 613 543 651 hunc
564 613 848 652 Philocratem?

485 668 612 705 Arist.
633 667 734 704 Tam
755 668 857 714 satis,
877 679 995 718 quam
1014 677 1211 716 nunquam
1229 663 1303 702 hoc

587 719 756 758 invenies
774 733 891 758 secus.

191 773 265 813 Sed
283 773 350 812 ubi
369 773 401 812 is
420 785 522 812 nunc
541 781 620 812 ent.
611 776 628 801 ⁹

495 828 601 876 Heg.
622 827 702 873 Ubi
719 840 790 878 ego
807 827 992 871 minume,
1011 834 1125 878 atque
1142 826 1247 878 ipsus
1265 837 1304 864 se

669 881 746 918 volt
765 893 957 918 maxume.

192 935 299 973 Tum
319 934 436 985 igitur
455 946 524 984 ego
542 933 823 979 deruncinams,
843 933 1060 971 deartuatus
1087 944 1171 970 sum
1191 932 1304 970 miser

192 989 324 1038 Hujus
343 987 484 1026 scelesti
502 986 670 1031 technis;
702 987 768 1038 qui
787 999 863 1035 me,
883 993 927 1023 ut
943 985 1110 1024 lubitum
1130 986 1191 1033 'st,
1211 985 1303 1023 duc-

351 1041 444 1079 tavit
463 1040 571 1078 dolis.

193 1094 267 1133 Sed
287 1094 371 1133 vide
389 1094 449 1132 sis.

327 1149 458 1209 Arist.⁸
477 1147 583 1208 Quin
601 1145 842 1197 exploratum
858 1145 954 1195 dico,
971 1154 1007 1185 et
1020 1147 1214 1197 provisum
1232 1145 1305 1184 hoc

194 1257 243 1293 H
243 1268 300 1305 eg.
322 1203 513 1294 Certotripi¹>
1227 1199 1302 1237 llo

396 1310 525 1347 Arist.
549 1306 656 1355 Quin
676 1309 786 1355 nihil,
805 1309 978 1360 inquam,
998 1307 1164 1346 invenies
1182 1306 1305 1357 magis

511 1361 582 1399 hoc
601 1370 699 1400 certo
717 1362 863 1400 certius.

194 1416 426 1455 Philocrates
441 1416 523 1465 jam
542 1415 631 1453 inde
648 1428 769 1467 usque
783 1415 925 1453 amicus
944 1414 1017 1453 fuit
1034 1415 1130 1452 mihi
1148 1427 1171 1452 a
1187 1425 1306 1464 puero

353 1483 460 1521 puer.

193 1526 302 1575 Heg.
324 1523 399 1562 Sed
416 1536 493 1574 qua
512 1522 606 1561 facie
624 1530 679 1561 est
697 1530 786 1560 tuus
804 1521 940 1560 sodalis
959 1521 1223 1559 Philocrates?

898 1575 1026 1613 Arist
1049 1573 1189 1612 Dicam
1207 1573 1301 1612 tibi.

194 1631 405 1669 Macilento
429 1642 506 1678 ore,
536 1641 628 1667 naso
656 1636 781 1676 acuto,
813 1640 964 1679 corpore
994 1627 1096 1676 albo,
1125 1634 1162 1666 et
1187 1627 1305 1666 oculis
1388 1643 1395 1653 ·

192 1683 657 1787 Ξιὼῐαῖιιῃεὶἰῖιὶέυεῃωω,
677 1736 834 1788 crispus,
853 1735 1101 1773 cincinnatus.

867 1791 975 1838 Heg.
999 1788 1198 1827 Convenit.
1229 1788 1305 1826 115

200 1843 327 1893 Tynd.
354 1842 412 1881 Ut
441 1841 595 1893 quidem
625 1842 794 1889 (hercle)
826 1843 867 1880 in
899 1841 1070 1880 medium
1098 1853 1167 1892 ego
1192 1841 1306 1880 hodie

352 1908 527 1956 pessume
544 1896 800 1957 processerim.

192 1950 266 1990 Vae
283 1949 358 1988 inis
372 1949 486 2000 virgis
503 1950 662 1994 miseris,
683 1963 769 2001 quae
786 1950 926 1988 hodie
914 1961 955 1988 m
974 1956 1079 2000 tergo
1096 1947 1305 1987 morientur

352 2015 451 2040 meo.

192 2058 302 2107 Heg.
319 2056 451 2097 Verba
466 2055 563 2096 mihi
580 2055 670 2095 data
687 2068 766 2094 esse
785 2056 905 2094 video.

635 2111 760 2159 Tynd.
781 2109 888 2158 Quid
907 2108 1069 2157 cessatis,
1089 2107 1304 2159 compedes,
