1412 2427
426 54 801 93 AMPHITRUO.
828 54 887 93 ΙΙ.
917 56 954 91 2.
1193 54 1247 93 39

397 162 544 212 Amph.
566 160 667 209 Quis
685 160 802 211 igitur
821 161 891 199 tibi
909 160 1013 198 dedit
1028 163 1045 199 ἓ

723 215 812 252 Ale.
836 213 918 261 Qui
938 227 999 252 me
1018 222 1139 264 rogat.
1172 213 1247 251 162

129 270 215 316 Sosq
240 267 313 306 Me
337 276 479 329 cappas,
504 269 596 320 quia
626 276 707 307 tute
736 269 784 306 ab
811 267 900 306 navi
927 267 1144 305 clanculum
1170 267 1247 305 huc

127 322 446 422 Praecucffll?
476 384 590 428 atque
622 375 712 414 hinc
743 383 915 427 pateram
947 381 1030 412 tute
1057 373 1245 421 exemisti,

125 481 233 520 Huic
274 437 636 535 dgdlissi‘gauliosthac
673 496 802 521 rursus
843 482 1053 534 obsignasti
1088 481 1242 544 clancu:

124 590 272 640 Amph.
288 537 385 628 lilingi-
407 591 528 629 mihi!
565 591 648 640 jam
675 597 719 628 tu
750 602 903 642 quoque
930 589 1048 639 hujus
1085 535 1243 639 adjulg}

285 643 497 682 insaniam!

122 696 236 734 Ai'n'
254 697 337 735 heri
354 710 423 737 nos
442 698 636 737 advenisse
652 699 729 736 huc
741 698 759 734 ⁰?

596 753 687 791 Alc.
705 752 809 797 Aio;
840 751 1119 803 adveniensque
1138 750 1239 789 illico

121 803 194 843 Me
212 804 436 851 salutavisti‚
457 813 494 844 et
513 818 583 857 ego
602 814 652 854 te,
673 813 710 844 et
728 805 902 844 osculum
922 805 1032 843 tetuli
1050 805 1132 843 tibi.

120 859 267 909 Amph.
295 860 323 897 J
329 872 392 897 am
419 859 517 898 illud
543 872 620 898 non
638 859 764 911 placet
781 859 1014 912 principium
1031 858 1079 897 de
1096 857 1240 897 osculo.

282 913 405 963 Perge
424 914 592 965 exsequi.

121 965 210 1004 Alc.
239 966 395 1005 Lavisti.

224 1020 372 1071 Amph.
391 1020 510 1068 Quid,
529 1028 734 1073 postquam
752 1021 831 1060 lavi
844 1023 862 1060 ?

571 1076 662 1113 Alc.
690 1074 932 1114 Accubuisti.

673 1130 757 1167 Sos.
786 1128 899 1179 Euge
915 1128 924 1165 Ξ
948 1134 1104 1179 optume
1119 1127 1130 1164 l
1158 1128 1232 1172 170

117 1177 160 1216 Ν
162 1190 236 1217 unc
254 1180 424 1232 exquire.

277 1235 425 1284 Amph.
458 1234 521 1272 Ne
538 1234 749 1286 interpella.
762 1255 815 1264 —
827 1234 949 1285 Perge
967 1247 1078 1286 porro
1097 1234 1233 1272 dicere.

116 1286 206 1325 Alc.
234 1287 358 1326 Coena
375 1288 547 1339 apposita
562 1291 634 1327 ’stz
665 1288 858 1327 coenavisti
871 1301 1048 1326 mecum:
1080 1301 1149 1339 ego
1167 1300 1229 1326 ac-

272 1341 389 1378 cubui
407 1341 534 1379 simuL

113 1392 260 1444 Amph.
289 1394 339 1432 In
358 1395 492 1432 eodem
512 1394 638 1433 lecto?

378 1449 468 1486 Alc.
485 1449 535 1487 In
555 1449 700 1487 eodem.

508 1504 591 1541 Sos.
622 1502 726 1541 Hei!
757 1514 835 1541 non
854 1501 978 1553 placet
995 1502 1224 1541 convivium.

112 1552 260 1604 Amph.
288 1554 378 1593 Sine
406 1556 521 1594 modo
547 1564 773 1607 argumenta
800 1556 912 1594 dicat.
969 1555 1092 1605 Quid,
1121 1565 1227 1606 post-

269 1621 387 1660 quam
406 1610 665 1649 coenavimus?

109 1659 199 1698 Alc.
229 1660 289 1700 Te
315 1662 518 1701 dormitare
542 1663 669 1702 aibas:
700 1676 832 1703 mensa
856 1664 982 1702 ablata
1011 1664 1082 1710 ’st;
1118 1663 1226 1702 cubi-

271 1722 355 1753 tum
374 1716 463 1755 hinc
481 1717 660 1756 abiimus.
1148 1718 1223 1761 175

111 1767 258 1817 Amph.
287 1768 368 1807 Ubi
386 1779 429 1808 tu
448 1771 613 1810 cubuisti
629 1771 643 1808 ?

285 1823 372 1860 Alc.
402 1824 451 1862 In
470 1824 602 1863 eodem
619 1825 716 1864 lecto
735 1832 861 1864 tecum
880 1823 957 1864 uni
974 1824 1015 1863 in
1034 1824 1224 1863 cubiculo.

110 1874 256 1925 Amph.
289 1876 491 1915 Perdidisti
506 1878 515 1915 !

282 1930 366 1968 Sos.
394 1930 503 1978 Quid
519 1932 590 1970 tibi
609 1932 657 1970 'st
669 1934 688 1971 Ρ

355 1984 500 2035 Amph.
526 1985 624 2024 Haec
641 1998 705 2024 me
722 1986 837 2026 modo
855 1985 904 2026 ad
922 1993 1084 2026 mortem
1103 1985 1217 2024 dedit.

107 2035 188 2074 Alc.
212 2036 319 2085 Quid
334 2037 431 2086 jam,
451 2041 587 2078 amabo
600 2041 618 2078 ?

265 2091 412 2142 Amph.
439 2092 502 2130 Ne
518 2105 582 2132 me
598 2094 760 2146 appella.
