1412 2427
170 32 246 68 12⁶2
468 30 828 69 AULULARIA.
857 30 915 68 ΙΙ.
949 31 983 69 l.

536 138 652 188 stleg.
681 137 723 175 Si
740 137 884 186 lubeat,
903 137 1052 175 faciam.

929 193 1036 228 Eun.
1062 190 1101 228 in
1120 202 1200 229 rem
1226 191 1276 229 31

173 244 261 282 Hoc
280 250 390 282 tuam
405 244 465 282 ’st-

304 299 418 347 Meg.
448 297 505 335 Ut
521 296 676 348 quidem
695 297 868 345 emoriar,
889 297 1112 348 priusquam
1129 296 1280 335 ducam.

166 350 241 389 Sed
259 350 318 387 his
337 351 497 401 legibus,
519 350 549 388 si
568 363 684 400 quam
702 350 790 388 dare
809 351 878 398 vis,
899 351 1058 388 ducam:
1089 363 1178 402 quae

167 404 259 442 Cras
277 404 416 452 veniat,
436 402 611 454 perendie
629 403 727 441 foras
746 404 900 451 feratur,
922 416 1035 441 soror.

166 457 243 494 His
261 457 408 507 legibus
427 469 543 508 quam
563 456 651 494 dare
670 457 738 504 vis,
756 456 859 502 cedo,
880 457 1032 507 nuptias
1050 457 1202 494 adorna.
1222 456 1274 493 35

164 512 270 547 Eun.
291 510 420 557 Quam
441 509 626 547 maxuma
644 522 797 560 possum
810 510 893 556 tibi,
912 510 1039 556 frater,
1060 509 1149 548 dare
1163 509 1249 548 dote
1265 522 1276 546 ε

165 563 241 601 Sed
259 570 314 600 est
327 563 504 613 grandior
521 570 640 600 natu:
670 563 797 600 media
814 571 870 600 est
887 563 1057 601 mulieris
1075 570 1177 601 aetas.

167 617 269 654 Eam
288 616 319 653 si
335 618 459 665 jubes,
479 616 606 663 frater,
628 615 696 653 tibi
715 629 776 653 me
795 629 957 667 poscere,
977 629 1142 666 poscam.

168 671 282 718 Meg.
310 670 420 707 Num
439 682 515 707 non
534 669 589 707 vis
607 681 670 706 me
687 669 916 719 interrogare
935 669 999 707 te?

623 723 730 759 Eun.
760 723 900 767 Immo,
921 723 952 759 si
970 722 1063 772 quid
1083 722 1151 769 vis,
1172 735 1277 772 roga.

169 778 281 826 stIeg.
311 776 404 814 Post
422 776 588 814 mediam
609 783 770 823 aetatem,
792 776 859 826 qui
874 775 1040 813 mediam
1059 775 1163 813 ducit
1181 788 1278 812 uxo-

330 842 409 867 rem
429 830 602 875 domum,
1227 829 1279 865 40

167 883 209 922 Si
223 896 307 921 eam
328 895 440 920 senex
459 895 578 920 anum
595 888 853 932 praegnantem
873 881 1030 919 fortuitu
1050 881 1191 927 fecerit,

167 936 274 984 Quid
301 936 464 982 dubitas,
492 935 586 986 quin
610 935 657 972 sit
678 941 854 985 paratum
881 947 1020 973 nomen
1046 947 1163 984 puero
1184 935 1279 973 Pos-

331 997 463 1026 tumus
480 991 496 1027 ?

168 1043 285 1080 Nunc
313 1055 382 1092 ego
408 1042 539 1085 istum,
569 1052 684 1087 soror,
714 1041 882 1077 laborem
909 1039 1076 1090 demam,
1105 1048 1143 1079 et
1160 1041 1283 1079 demi..

330 1107 446 1132 nuam
468 1094 550 1132 tibi.

168 1149 269 1199 Ego,
290 1149 428 1186 virtute
446 1147 575 1185 Deum
595 1154 632 1184 et
651 1147 841 1196 majorum
861 1150 1045 1195 nostrum,
1065 1147 1170 1186 dives
1195 1161 1281 1187 sum

335 1211 437 1239 saus.

168 1256 266 1293 Istas
285 1267 444 1305 magnas
463 1254 656 1300 factiones,
673 1254 835 1299 animos,
855 1255 960 1293 dotes
978 1253 1154 1306 dapsiles,
1229 1256 1280 1293 45

170 1309 377 1356 Clamores,
406 1308 580 1359 imperia,
610 1309 766 1345 eburata
794 1308 979 1357 vehicula,
1018 1308 1153 1359 pallas,
1190 1321 1282 1360 pur-

329 1374 480 1412 Puram,

169 1415 240 1453 Nil
271 1427 411 1461 moror,
443 1427 530 1466 quae
561 1414 602 1451 in
631 1413 849 1452 servitutem
888 1413 1075 1452 sumtibus
1106 1414 1283 1465 redigunt

331 1480 442 1506 viros.

168 1524 274 1560 Eun.
303 1521 378 1558 Dic
392 1520 501 1568 mihi,
523 1532 663 1571 quaeso,
684 1519 770 1570 quis
789 1532 833 1557 ea
851 1519 912 1567 'st,
934 1532 1052 1570 quam
1070 1520 1127 1559 vis
1147 1521 1282 1559 ducere

329 1586 488 1612 uxorem
500 1574 519 1610 ¹?

955 1629 1068 1676 Meg.
1096 1627 1282 1678 Eloquar.

167 1681 209 1719 N
211 1680 321 1719 Ostin’
339 1680 443 1718 hunc
461 1692 588 1718 senem
606 1679 833 1718 Euclionem
852 1691 899 1717 ex
913 1692 1103 1729 proxumo
1120 1693 1283 1732 pauper-

330 1734 460 1771 culum
477 1735 495 1771 ⁴?

168 1789 275 1825 Eun.
305 1786 424 1834 Novi,
443 1786 638 1825 hominem
656 1786 761 1824 haud
779 1786 942 1833 malum,
961 1787 1170 1825 mecastor!

696 1842 811 1888 Meg.
841 1841 940 1889 Ejus
959 1841 1069 1891 cupio
1082 1840 1202 1878 filiam
1230 1842 1282 1879 50

166 1893 368 1944 Virginem
385 1893 483 1930 mihi
502 1894 737 1945 desponderi.
778 1893 908 1932 Verba
924 1906 972 1932 ne
989 1894 1118 1942 facias,
1139 1906 1254 1932 soror.

170 1947 270 1995 Scio,
300 1947 394 1998 quid
421 1946 567 1985 dictura
594 1961 654 1985 es:
695 1947 793 1985 hanc
822 1960 900 1986 esse
926 1959 1147 1999 pauperem.
1186 1947 1283 1986 Haec

331 2013 475 2052 pauper
492 2001 626 2052 placet.

173 2056 280 2092 Eun.
309 2053 379 2092 Dii
395 2055 492 2092 bene
511 2062 661 2093 vortant
677 2055 687 2092 !

331 2109 388 2144 M
389 2120 448 2156 eg.
477 2107 588 2146 Idem
608 2120 678 2158 ego
698 2121 816 2160 spero.
