1412 2427
398 62 772 102 AMPHJTRL’O.
801 63 876 101 IV.
904 64 941 100 2.
1178 64 1229 100 42)

359 241 545 280 ACTUS
574 240 651 280 IV.
706 240 893 279 SCENA
922 241 982 279 II.

352 368 654 407 MEncumus.
681 369 992 406 AMPHITRco.

117 481 227 519 Mer.
252 477 351 526 Quis
369 475 418 514 ad
436 476 549 514 foreis
568 476 652 514 est?

338 531 481 580 Amph.
510 530 598 580 Ego
617 543 714 568 sum.

427 585 535 621 Mer.
564 583 686 631 Quid,
709 585 736 606 ‘⁶
755 584 844 635 Ego
862 597 973 623 sum.
963 584 1009 608 ⁹⁹⁹

660 638 806 688 Amph.
838 640 901 677 Ita
917 639 1064 690 loquor.

819 693 928 730 Mer.
959 693 1052 732 Tibi
1070 693 1226 746 Jupiter

114 747 210 799 Diiq
209 760 259 786 ue
275 759 408 785 omnes
425 745 511 783 irati
529 752 629 783 certo
648 752 750 794 sunt,
774 746 842 797 qui
860 746 912 784 sic
930 746 1082 798 fiangas
1099 748 1223 787 foreis.

114 803 260 852 Amph.
290 800 381 848 Quo
398 799 540 837 modo?

221 858 330 894 Mer.
356 854 418 892 Eo
436 853 564 902 modo,
580 861 623 891 ut
637 852 801 905 profecto
814 853 917 893 vivas
930 861 1079 893 aetatem
1097 855 1230 896 miser.

110 911 253 961 Amph.
285 908 403 948 Sosia.

216 965 326 1002 Mer.
354 963 417 1000 Ita
434 974 520 1000 sum
533 961 653 1010 Sosia,
674 961 746 1000 nisi
764 974 826 1000 me
845 975 922 1001 aese
941 963 1104 1002 oblitum
1124 964 1225 1002 exis-

268 1025 406 1055 tumas.

110 1071 218 1121 Quid
236 1083 339 1109 nunc
357 1070 440 1108 vis?

215 1125 360 1174 Amph.
390 1123 577 1162 Sceleste!
609 1129 648 1159 at
676 1122 804 1171 etiam,
833 1124 927 1175 quid
955 1125 1085 1172 velim,
1115 1125 1154 1162 id
1180 1134 1222 1163 tu

265 1190 329 1215 me
351 1179 492 1227 rogas?
1198 1181 1222 1215 5

109 1236 217 1273 Aser.
247 1232 436 1323 Idtangigo.
478 1231 593 1268 Paene
618 1229 806 1281 effiegisd,
837 1229 955 1280 fatue,
980 1230 1125 1270 foribus
1144 1245 1224 1271 car-

104 1341 172 1379 An
192 1339 303 1377 foreis
317 1338 490 1376 censebas
509 1338 618 1375 nobis
637 1337 845 1387 publicitus
858 1338 1087 1388 praeberier?

107 1393 215 1442 Quid
232 1406 296 1431 me
314 1392 524 1443 adspectas,
544 1391 707 1430 stolide?
729 1391 823 1442 quid
836 1403 939 1430 nunc
955 1393 1009 1431 vis
1021 1392 1126 1431 tibi?
1155 1401 1222 1432 aut

264 1445 351 1497 quis
369 1453 411 1483 tu
431 1458 469 1483 es
487 1444 630 1482 homo?

107 1501 250 1552 Amph.
280 1499 477 1538 Verbero!
511 1498 640 1547 etiam,
667 1498 753 1549 quis
775 1512 845 1550 ego
867 1499 954 1547 sim,
978 1512 1042 1538 1110
1066 1500 1220 1551 rogitas,

262 1554 458 1592 ulmorum
477 1552 684 1590 acheruns.
674 1552 692 1574 ⁹

104 1609 235 1657 Quem
253 1607 355 1658 (pol)
374 1620 442 1658 ego
459 1606 586 1655 1101110,
607 1607 656 1644 ob
673 1606 779 1645 istaec
793 1607 907 1656 dicta,
923 1608 1060 1645 faciam
1073 1607 1221 1646 ferven-

263 1669 341 1699 tem
359 1660 497 1712 flagris.
1172 1663 1221 1700 10

103 1718 213 1754 Mer.
237 1715 448 1765 Prodigum
460 1722 497 1752 te
514 1713 630 1752 fuisse
641 1722 787 1765 oportet
801 1714 915 1752 011111
905 1727 945 1752 111
957 1715 1221 1754 adolfficentia.

103 1769 250 1820 Amph.
283 1769 365 1816 Qui
392 1768 516 1806 dum?

263 1824 375 1860 Mer.
409 1822 528 1869 Quia,
557 1820 704 1860 senecta
732 1829 855 1870 aetate,
886 1835 909 1860 a
937 1835 999 1861 me
1026 1823 1221 1862 mendicas

371 1876 534 1914 malum.

103 1930 249 1981 Amph.
279 1929 381 1968 Cum
401 1929 568 1968 cruciatu
595 1935 661 1967 tuo
685 1929 788 1968 istaec
810 1929 937 1978 hodie,
957 1943 1085 1978 verna,
1107 1932 1221 1969 verba

260 1983 442 2021 funditas.

106 2040 217 2090 Mer.
247 2037 439 2077 Sacrufico
459 2049 529 2088 ego
547 2036 631 2076 tibi.

262 2092 407 2141 Amph.
437 2090 556 2138 Qui?

415 2146 524 2182 Mer.
553 2144 659 2192 Quia
679 2144 780 2183 enim
802 2153 838 2183 te
855 2153 980 2183 macto
999 2145 1218 2183 infortunio.

152 2209 256 2238 νοτ..
277 2210 306 2236 1.
1028 2210 1052 2235 r·
