1412 2427
163 41 240 79 214
447 41 788 81 BACCHIDES.
821 42 898 81 IV.
930 43 990 82 10.

166 147 310 186 Tantas
329 148 494 186 turbelas
512 147 622 187 facio.
679 148 754 188 Sed
773 149 919 200 crepuit
937 148 1026 187 foris
1041 163 1051 186 =

162 200 333 240 Effertur
351 200 478 252 praeda
496 214 543 240 ex
563 201 695 251 Troj'a.
753 202 921 240 Taceam
939 214 1042 240 nunc
1062 203 1154 240 iam.
1203 202 1280 241 135

164 255 263 291 Nic.
287 255 392 303 Cape
409 255 481 293 hoc
498 254 568 293 tibi
586 268 738 303 aurum,
758 254 941 306 Chrysale
958 269 968 292 :
999 255 1027 303 i,
1047 254 1102 294 fer
1120 255 1210 293 filio.

162 307 250 358 Ego
268 307 316 346 ad
335 309 461 346 forum
479 315 609 346 autem
626 308 715 347 hinc
733 308 811 357 ibo,
831 316 875 346 ut
894 309 1039 346 solvam
1058 308 1232 346 militem.

169 361 268 399 Clzr.
287 362 379 400 Non
398 361 574 413 equidem
592 362 786 413 accipiam.
830 361 946 400 Proin
966 368 1008 399 tu
1027 374 1189 412 quaeras,
1210 361 1276 413 qui

323 415 430 454 serat.

163 467 268 506 Nolo
286 481 356 520 ego
370 467 466 507 mihi
485 468 598 506 credi.

587 523 639 559 N
640 524 686 559 ic.
709 522 815 573 Cape
833 533 946 559 vero:
976 520 1101 560 odiose
1118 520 1224 560 facis.

167 573 263 613 Chr.
284 573 374 612 Non
395 574 572 626 equidem
591 575 749 626 capiam.

428 630 527 666 Nic.
549 628 608 666 At
625 641 764 679 quaeso.

601 682 698 720 Chr.
717 681 831 730 Dico,
849 688 894 720 ut
912 693 970 719 res
988 692 1028 719 se
1044 680 1172 720 habet.
1199 681 1276 721 140

163 733 215 771 N
215 734 264 771 ic.
280 733 448 773 Morare.

369 789 467 826 Chr.
486 788 604 835 Nolo,
623 787 797 839 inquam,
817 799 956 825 aurum
974 786 1145 826 concredi
1162 787 1274 826 mihi.

166 838 241 878 Vel
260 839 310 878 da
326 840 509 892 aliquem,
528 841 596 892 qui
613 853 676 879 me
693 849 828 880 servet.

763 895 815 932 N
814 895 861 932 ic.
881 892 994 932 Ohe!
1025 891 1153 932 odiose
1168 891 1272 931 facis.

166 947 263 986 Chr.
282 945 400 994 Cedo,
421 947 453 984 si
470 959 617 985 necesse
635 955 704 985 est.

417 1002 469 1037 N
470 1001 515 1037 ie.
537 1000 640 1038 Cura
657 1000 741 1039 hoc.
797 999 888 1038 Jam
907 1011 976 1050 ego
993 999 1070 1038 huc
1087 1011 1274 1038 revenero.

167 1053 264 1092 Chr.
284 1051 471 1091 Curatum
492 1053 555 1099 ’st‚
575 1066 654 1091 esse
672 1060 709 1091 te
727 1066 855 1092 senem
873 1053 1156 1092 miserrumum.

163 1106 252 1144 Hoc
271 1114 326 1144 est
342 1107 494 1157 incepta
512 1106 655 1145 efficere
673 1107 843 1158 pulchre,
865 1106 984 1145 veluti
1002 1105 1098 1143 mihi
1200 1106 1275 1144 145

162 1159 319 1206 Evenit,
338 1167 382 1198 ut
400 1173 530 1207 ovans,
550 1159 679 1211 praeda
696 1168 867 1209 onustus,
887 1159 1070 1198 cederem.

162 1212 294 1251 Salute
312 1214 440 1252 nostra
457 1220 572 1264 atque
587 1215 682 1252 urbe
701 1214 811 1265 capta
828 1226 895 1264 per
913 1212 1061 1260 dolum,

162 1265 339 1304 Domum
357 1266 495 1305 reduco
513 1267 704 1317 integrum
724 1279 876 1306 omnem
895 1265 984 1305 hinc
1002 1266 1222 1305 exercitum.

161 1319 250 1367 Sed,
271 1327 509 1371 spectatores,
525 1333 590 1359 vos
610 1332 713 1359 nunc
731 1333 779 1358 ne
796 1319 1002 1367 miremini,

159 1373 279 1421 Quod
296 1385 372 1411 non
392 1373 610 1424 triumpho:
640 1374 903 1425 pervolgatum
924 1375 996 1418 ’st;
1028 1372 1083 1410 nil
1100 1384 1237 1410 moror.

161 1426 439 1465 Verumtamen
459 1427 690 1478 accipientur
708 1426 834 1464 mulso
851 1425 1005 1464 milites.
1197 1425 1268 1462 151

160 1479 203 1518 N
207 1492 279 1519 unc
303 1480 598 1571 {zpacmpraedam
616 1492 769 1518 omnem
791 1480 873 1528 jam
892 1478 941 1516 ad
959 1485 1184 1529 quaestorem
1209 1478 1275 1517 de-

412 1638 599 1678 ACTUS
628 1639 704 1678 IV.
761 1638 947 1678 SCENA
975 1638 1030 1677 X.

553 1745 874 1784 PmmXENUS.

158 1853 290 1901 Quam
315 1851 437 1901 magis
459 1851 499 1888 in
519 1859 667 1902 pectore
685 1864 770 1890 meo
788 1852 912 1901 foveo,
933 1865 1027 1903 quas
1045 1864 1154 1889 meus
1170 1851 1272 1889 filius

317 1907 447 1943 turbas
464 1907 604 1954 turbet,

157 1960 289 2008 Quam
314 1972 352 1997 se
373 1958 422 1996 ad
444 1958 576 2005 vitam,
596 1966 633 1996 et
652 1971 747 2010 quos
775 1959 823 1997 ad
851 1971 1012 2007 amores,
1037 1957 1269 2009 praecipitem

313 2012 469 2050 inscitus
489 2020 669 2062 capessat,

155 2066 286 2118 Magis
304 2079 403 2105 curae
427 2073 506 2109 θεῖς
534 2065 733 2116 magisque
755 2064 968 2112 affor-mido,
996 2076 1044 2102 ne
1069 2064 1100 2103 is
1125 2069 1267 2115 pereat,

310 2132 385 2158 neu
403 2126 677 2170 corrumpatur.
