1412 2427
472 53 815 92 BACCHIDES.
847 54 896 92 V.
924 56 962 92 2.
1195 50 1269 88 :221

691 161 791 197 Nic.
815 159 909 196 Vidi
928 173 997 210 ego
1017 172 1182 210 nequam
1211 159 1263 197 60

147 214 350 261 Homines,
370 224 502 250 verum
522 219 560 251 te
577 212 769 250 neminem
788 211 1020 251 deteriorem.

924 267 1034 303 Phil.
1055 266 1117 304 Ita
1135 278 1233 303 sum.

145 323 243 359 Bac,
266 323 304 359 I.
336 319 373 366 Ι,
397 319 413 356 i
440 320 513 358 hac
541 332 695 358 mecum
720 320 838 368 intro,
868 319 937 357 ubi
963 318 1034 357 tibi
1061 319 1108 356 sit
1135 319 1258 370 lepide

304 373 480 418 victibus,
501 374 603 421 vino,
624 381 738 425 atque
756 372 973 423 unguentis.

146 429 244 466 Nic.
276 427 389 473 Satis,
417 427 506 465 satis
535 428 618 476 jam
650 426 766 465 vostri
785 426 832 464 'st
863 425 1036 472 convivi3
1070 437 1132 463 me
1161 425 1257 464 nihil

303 480 471 531 ptr-nitet,
494 488 536 518 ut
556 481 627 517 sim
645 486 830 531 acceptus.

144 533 445 584 Quadringentis
468 533 658 584 Philippis
683 533 784 572 filius
811 545 875 572 me
893 540 930 572 et
950 531 1158 584 Chrysalus
1185 532 1255 570 cir-

303 586 608 631 cumduxerunt3

140 641 271 688 Quem
289 640 446 692 quidem
464 653 534 690 ego
552 647 596 678 ut
614 652 692 678 non
708 640 935 689 excruciem,
1205 640 1256 677 65

141 695 322 732 Alterum
341 702 491 732 tantum
509 694 592 731 auri
610 707 684 732 non
704 706 884 732 meraem.

142 750 239 786 Bac.
259 751 298 786 Ι.
324 747 433 794 Quid
460 747 629 795 tandem,
659 747 691 786 si
712 747 915 785 dimidium
942 747 1026 785 auri
1051 746 1252 786 redditur?

300 801 381 839 isne
399 808 442 839 tu
461 800 531 839 hac
549 814 700 838 mecum
716 800 719 805 ’

142 855 266 904 Intro,
285 862 401 906 atque
418 861 462 893 ut
480 854 533 892 eis
549 854 686 892 delicta
702 855 874 906 ignoscas
886 857 904 893 Ρ

821 909 930 947 Phil.
950 908 1091 946 Faciet.

106 1008 109 1009 ⁷
143 963 196 999 Ν
196 963 240 998 ic
270 961 449 999 Minime.
506 961 633 1000 Nolo.
623 976 632 984 ·
667 961 723 999 nil
739 974 878 1001 moror.
934 962 1024 1001 Sine
1041 962 1119 1000 sic.
1109 975 1119 984 ·
1149 962 1253 1000 malo

301 1015 386 1052 ilios
403 1014 533 1053 ulcisci
550 1017 675 1053 ambo.

141 1070 250 1107 Phil.
281 1068 346 1106 Ε
325 1081 412 1105 iam
442 1076 498 1114 tu,
530 1069 646 1106 homo
670 1069 794 1130 nihili,
815 1069 919 1121 quod
936 1068 1005 1108 Dii
1028 1067 1121 1107 dant
1144 1069 1249 1116 boni,

299 1134 388 1159 cave
405 1121 517 1172 culpa
537 1123 604 1160 tua
621 1122 781 1160 amissis.
1199 1123 1251 1166 70

136 1174 356 1212 Dimidium
374 1175 457 1212 auri
471 1175 609 1221 datur;
636 1176 808 1227 accipias,
826 1184 1021 1228 potesque,
1037 1183 1073 1214 et
1086 1183 1252 1214 scortum

284 1230 513 1266 ‘accumbas.

139 1284 238 1320 Nic.
257 1281 399 1333 Egon'‚
414 1282 483 1320 ubi
500 1283 600 1321 filius
614 1291 876 1335 corrumpatur
889 1296 1008 1325 meus,
1024 1283 1078 1322 ibi
1092 1291 1219 1333 potem
1229 1282 1248 1318 ?

827 1339 936 1375 Phil.
957 1337 1175 1376 Potandum
1191 1336 1251 1374 ’st.

141 1391 239 1427 Nic.
270 1389 373 1439 Age,
403 1389 485 1437 jam
515 1389 568 1438 id,
600 1397 645 1428 ut
676 1398 719 1428 ut
744 1398 812 1439 est,
839 1391 906 1429 etsi
935 1399 989 1429 est
1007 1390 1248 1437 dedecorum,

298 1442 446 1493 patiar:
477 1442 596 1481 facere
614 1443 794 1482 inducam

136 1496 341 1535 Animum.
396 1496 538 1546 Egon',
569 1509 686 1548 quom
716 1497 797 1536 haec
822 1510 911 1536 cum
939 1499 1006 1537 isso
1038 1498 1248 1545 accumbet,

298 1549 527 1601 inspectem.
517 1552 534 1577 ⁹

488 1606 585 1642 Bac.
604 1606 642 1642 I.
663 1605 793 1643 Immo
811 1605 987 1657 equidem
1006 1604 1110 1655 (pol)
1125 1611 1251 1643 tecum

140 1656 406 1695 Accumbam·
437 1664 473 1695 te
487 1659 638 1705 amabo,
659 1666 696 1697 et
714 1666 751 1697 te
769 1659 1026 1719 amplexaoor.

606 1713 670 1750 N
658 1726 706 1750 ιι·
725 1713 854 1765 Caput
869 1712 1018 1762 prurit·
1047 1712 1166 1762 perii!
1197 1712 1249 1756 75

141 1763 190 1799 V
182 1776 221 1801 nx
240 1763 377 1813 negito.

285 1819 381 1854 Bac.
399 1819 437 1855 I.
459 1819 550 1857 Non
567 1819 636 1857 tibi
654 1820 756 1858 venit
773 1820 812 1858 in
832 1827 1012 1866 mentem,
1033 1821 1183 1868 amabo,
1204 1819 1250 1868 si,

406 1870 500 1909 dum
518 1873 637 1919 vivas,

142 1923 235 1962 Tibi
262 1925 358 1961 bene
388 1923 516 1971 facias,
545 1927 627 1974 jam
661 1924 773 1977 (pol)
798 1926 839 1964 id
862 1927 1019 1979 quidem
1043 1939 1123 1966 esse
1148 1925 1252 1964 haud

129 1992 139 1995 s
302 1989 368 2027 Per
369 1976 647 2029 long'mquum3

144 2031 295 2082 Neque,
316 2030 348 2067 si
366 2030 437 2068 hoc
455 2031 566 2070 hodie
585 2032 767 2077 amiseris,
786 2042 870 2084 post
888 2034 927 2072 in
945 2042 1066 2073 morte
1084 2033 1123 2071 id
1143 2045 1252 2072 even-

302 2092 431 2121 turum
452 2097 530 2123 esse
549 2098 720 2137 unquam
734 2089 752 2125 ?

146 2139 244 2175 Nic.
266 2137 373 2185 Quid
393 2140 521 2188 ago?1
1026 2194 1050 2229 οἳ

975 2206 1000 2232 ι’
1025 2218 1035 2230 .
