1412 2427
426 53 800 92 AMPHITRUO.
830 53 889 91 ΙΙ.
918 56 956 91 2.
1198 54 1252 92 33

134 161 342 212 Quamque
362 160 458 199 adeo
482 160 581 200 cives
606 160 786 199 Thebani
810 131 899 198 vero
922 159 1140 199 rumificant
1164 173 1254 212 pro-

134 215 482 320 Valuisfilzlfflque
492 267 510 304 ¹?
538 274 826 318 exspectatusne
843 267 1004 306 advenio
1017 269 1035 305 ?
1199 215 1252 252 46

779 323 861 359 Sos.
892 321 1013 359 Haud
1030 321 1109 360 vidi
1129 321 1252 371 mag-is

132 375 434 427 Exspectatum:
465 387 555 413 eum
583 374 723 413 salutat
748 375 872 426 magis
898 375 1004 413 haud
1032 375 1252 427 quisquam,

294 441 412 480 quam
430 441 577 466 oenem.

133 482 279 532 Amph.
323 483 392 530 Et,
423 495 541 533 quom
575 490 611 520 te
639 482 852 533 gravidam,
885 491 922 521 et
947 495 1065 535 quom
1093 481 1252 534 pulchre

291 535 446 587 plenam
464 535 644 587 adspicio,
663 536 822 586 gaudeo.
1200 536 1252 574 49

132 591 222 627 Alc.
249 588 432 635 Obsecro,
450 590 627 640 (ecastor)
641 589 735 640 quid
747 597 789 628 tu
805 603 884 651 me,
899 589 1098 628 deridiculi
1112 588 1251 641 gratia,

131 642 194 681 Sic
213 643 354 681 salutas
373 652 488 694 a.que
505 644 688 703 appellas,
709 643 818 705 quasi
835 643 983 682 dudum
1002 656 1077 682 non
1098 642 1250 689 videris,

131 695 331 748 Quasique
357 709 459 735 nunc
480 697 652 748 primum
677 696 832 748 recipias
860 707 897 736 te
918 697 1078 736 domum
1101 697 1178 735 huc
1203 709 1251 734 ex

132 804 266 855 Atque
282 750 485 896 nligsiitbiii}
498 804 657 856 proinde
679 804 862 856 appellas,
889 805 998 856 quasi
1020 805 1144 843 multo
1166 812 1254 856 post

132 912 279 962 Amph.
293 858 457 950 {Igilii-ild
447 912 625 963 equidem
640 920 692 959 te,
707 911 781 950 nisi
799 924 902 950 nunc
915 912 1043 960 hodie,
1059 924 1251 964 nusquam

295 965 374 1003 vidi
390 966 577 1016 gentium.

136 1019 224 1057 Alc.
253 1019 334 1058 Cur
355 1031 472 1070 negas
485 1018 504 1055 ⁴?

241 1073 386 1122 Affmph
418 1072 524 1120 Quia
542 1084 631 1109 vera
649 1070 765 1110 didici
783 1072 916 1111 dicere.

623 1125 711 1161 Alc.
752 1126 872 1163 Haud
891 1139 1046 1178 aequum
1064 1126 1170 1171 facit,
1199 1127 1250 1174 55
1282 1149 1285 1151 —

134 1180 231 1228 Qui,
251 1178 355 1231 quod
373 1178 518 1239 didicit,
539 1177 581 1215 id
598 1176 766 1216 dediscit.
811 1180 878 1216 An
898 1179 1179 1228 periclitamini,
1308 1188 1312 1191 ’

135 1193 278 1282 Quidq
268 1232 387 1270 animi
408 1230 598 1270 habeam?
627 1230 690 1268 sed
713 1231 808 1282 quid
829 1231 905 1270 huc
927 1245 993 1270 vos
1017 1231 1252 1271 revortimini
1287 1256 1296 1272 ἰ
1311 1270 1331 1277 μ
1361 1272 1379 1279 μ

297 1294 377 1324 tam
403 1285 506 1324 cito?

132 1340 202 1380 An
232 1347 268 1378 te
297 1339 511 1390 auspicium
536 1346 814 1377 commoratum
841 1341 927 1377 est?
970 1349 1020 1375 an
1050 1345 1255 1390 tempestas

298 1394 465 1431 eontinet
481 1395 498 1431 ‚⁹

134 1448 217 1496 Qui
235 1458 314 1484 non
332 1446 457 1484 abiisti
475 1446 524 1484 ad
541 1446 722 1497 legiones,
743 1446 797 1484 ita
815 1446 872 1484 uti
891 1445 1040 1483 dudum
1059 1444 1207 1484 dixeras
1223 1448 1241 1484 ?

135 1501 282 1552 Amph.
311 1499 475 1538 Dudum
492 1500 500 1537 !
533 1512 652 1551 quam
670 1499 819 1537 dudum
837 1500 934 1538 istuc
953 1499 1098 1537 factum
1118 1499 1166 1537 'st
1180 1502 1198 1537 Ρ

457 1555 544 1591 Alc.
577 1554 755 1592 Teutas?
781 1553 1027 1602 jamdudum,
1049 1553 1174 1591 modo.
1205 1554 1257 1592 60

136 1609 280 1659 Amph.
310 1608 393 1656 Qui
421 1608 519 1646 istuc
545 1607 644 1659 potis
672 1614 729 1645 est
755 1606 850 1654 fieri,
879 1608 1046 1658 (quaeso)
1075 1614 1120 1644 ut
1147 1606 1254 1655 dicis,

293 1661 540 1711 jamdudum,
563 1660 678 1698 modo
695 1663 713 1699 ‚⁹

138 1718 227 1755 Alc.
255 1715 364 1763 Quid
391 1715 493 1753 enim
517 1716 674 1753 censes?
704 1722 741 1752 te
766 1722 809 1752 ut
831 1713 1011 1752 deludam
1037 1721 1167 1752 contra
1194 1714 1255 1752 lu-

299 1781 421 1807 sorem
438 1781 585 1816 meum,

136 1823 219 1873 Qui
236 1834 340 1861 nunc
357 1821 528 1873 primum
541 1829 579 1860 te
597 1821 791 1886 advenisse
809 1821 932 1897 dicas
948 1821 1063 1894 modo
1081 1821 1149 1873 qui
1167 1821 1256 1860 hinc

297 1875 464 1913 abieris?

138 1931 285 1981 Amph.
314 1929 411 1967 Haec
429 1928 585 1980 quidem
601 1900 850 1968 deliramenta
867 1929 1048 1980 loquitur.

795 1985 877 2021 Sos.
905 1983 1105 2034 Paulisper
1124 1995 1251 2028 mane,

138 2039 248 2077 Dum
267 2037 490 2076 edormiscat
508 2048 630 2074 unum
650 2049 842 2076 somnum.

462 2089 601 2139 Amph.
628 2091 778 2138 Quaene
796 2090 959 2142 vigilans
980 2091 1176 2128 somniat?
1206 2089 1261 2125 65

140 2146 220 2184 Alc.
248 2144 443 2196 Equidem
461 2143 641 2191 (ecastor)
660 2144 807 2194 vigilo3
838 2151 876 2183 et
894 2144 1056 2195 vigilans
1078 2143 1132 2189 id,
1157 2141 1259 2193 quod

302 2196 479 2237 faetum'
484 2205 533 2243 st,
555 2195 732 2236 fabulor.
