1412 2427
166 77 187 112 4
390 75 636 114 AMPHIT.
661 98 701 103 —
719 74 1035 114 PROLOGUS.

161 181 189 219 ,J
196 188 317 219 ustam
337 194 416 220 rem
435 189 473 219 et
490 182 638 220 facilem
658 194 737 220 esse
754 190 902 220 oratum
922 195 944 219 a
962 181 1066 219 vobis
1086 179 1193 217 volo:

164 233 268 272 Nam
285 235 385 283 juste
403 235 450 273 ad
465 237 586 284 justos
600 237 727 285 justus
746 248 830 273 sum
850 243 972 272 orator
991 233 1125 272 datus:

163 289 268 325 Nam
288 287 428 336 injusta
446 290 495 326 ab
509 289 621 337 justis
638 288 832 339 impetrari
851 300 925 325 non
945 285 1070 325 decet:
1216 285 1268 321 35

162 341 191 379 J
195 349 278 379 usta
295 348 421 379 autem
438 343 486 380 ab
504 341 653 391 injustis
671 350 809 391 petere,
828 340 1042 391 insipientia
1061 339 1131 377 ’stz

164 393 320 444 Quippe
339 394 395 431 illi
414 394 535 446 iniqui
550 395 613 443 jus
631 395 820 444 ignorant,
840 406 962 444 neque
982 400 1120 430 tenent.

164 446 281 484 Nunc
307 448 388 496 jam
413 447 488 486 huc
506 448 678 485 animum
697 459 827 485 omnes
845 460 902 495 ea,
923 459 1008 497 quae
1024 446 1172 496 loquar,
1197 443 1264 481 ad-

326 508 469 538 vortlte.

163 553 320 591 Debetis
339 553 434 591 velle
451 567 536 605 quae
555 553 714 591 velimus
731 569 741 591 ι
771 554 979 591 meruimus

165 606 218 643 Et
234 619 302 656 ego
320 614 357 644 et
373 615 479 657 pater
497 606 544 645 de
563 607 667 645 vobis
685 614 722 644 et
740 607 944 658 republica.
1214 603 1266 640 40

164 659 271 696 Nam
290 658 382 710 quid
401 672 470 710 ego
488 672 709 707 memorem,
729 667 772 697 ut
790 660 881 697 alios
899 659 938 696 in
959 656 1149 709 tragoediis

162 711 270 759 Vidi,
293 713 534 764 Neptunum,
556 713 763 759 Virtutem,
784 712 1007 759 Victoriam,

165 764 349 813 Martem,
369 766 584 812 Bellonam,
604 778 911 813 commemorare,
932 778 1018 816 quae
1034 766 1134 802 bona

164 817 285 856 Vobis
303 818 474 857 fecissent
489 822 505 857 Ρ
535 820 623 870 quis
640 819 842 856 benefactis
860 831 968 856 meus
985 824 1104 869 pater,

165 870 294 909 Deum
313 881 499 922 regnator,
519 872 742 910 architectus
760 872 950 910 omnibus.
1218 870 1268 908 45

164 924 239 962 Sed
258 937 339 962 mos
357 925 435 963 illic
454 937 651 976 nunquam
670 925 744 962 fuit
761 925 858 975 patri
876 937 976 972 meo,

165 977 220 1015 Ut
239 980 493 1028 exprobraret,
513 978 616 1030 quod
633 978 741 1016 bonis
758 978 894 1016 faceret
910 978 1012 1015 boni.

165 1030 329 1068 Gratum
349 1032 549 1069 arbitratur
568 1044 647 1069 esse
663 1031 703 1068 id
722 1044 745 1068 a
762 1031 868 1069 vobis
886 1031 973 1077 sibi,

164 1083 383 1135 Meritoque
400 1085 507 1122 vobis
523 1086 623 1123 bona
641 1097 679 1121 se
696 1084 830 1131 facere,
850 1096 936 1134 quae
954 1083 1058 1122 facit.

164 1137 295 1185 Nunc,
325 1150 442 1188 quam
471 1149 551 1175 rem
580 1145 729 1174 oratum
758 1137 833 1174 huc
856 1136 956 1184 veni,
986 1136 1156 1188 primum
1184 1148 1271 1188 pro-

323 1191 481 1241 loquar:
1218 1191 1270 1227 50

162 1243 255 1280 Post
273 1242 388 1292 hujus
406 1252 676 1295 argumentum
694 1244 848 1296 eloquar
866 1244 1066 1296 tragoediae.

163 1295 271 1343 Quid
290 1298 526 1336 contraxistis
545 1297 707 1335 frontem
723 1300 739 1336 ?
769 1297 859 1348 quia
877 1298 1096 1349 tragoediam

161 1348 259 1388 Dixi
277 1349 446 1388 futuram
465 1351 564 1389 hanc
580 1353 597 1388 Ρ
627 1351 734 1388 Deus
753 1363 862 1388 sum:
894 1358 1174 1389 commutavero

162 1401 353 1440 Eamdem
371 1403 486 1449 hanc,
505 1403 536 1442 si
554 1403 687 1442 voltis:
719 1403 870 1448 faciam,
891 1416 939 1440 ex
957 1402 1138 1453 tragoedia

164 1455 358 1493 Comoedia
375 1464 419 1493 ut
438 1457 499 1503 sit,
520 1457 697 1493 omnibus
713 1455 847 1494 iisdem
865 1456 1044 1494 versibus.
1217 1457 1270 1493 55

161 1509 305 1547 Utrum
325 1509 384 1556 sit,
405 1522 453 1547 an
471 1521 563 1556 non,
583 1509 693 1548 voltis
710 1511 727 1546 ?
758 1508 823 1547 sed
841 1521 910 1559 ego
928 1509 1090 1556 stultior,

162 1562 286 1609 Quasi
303 1562 466 1600 nesciam
484 1575 550 1600 vos
569 1562 678 1608 velle,
698 1561 766 1613 qui
783 1560 908 1599 Divus
927 1561 1030 1600 siem.

161 1615 306 1661 Teneo,
329 1615 421 1666 quid
440 1615 557 1653 animi
575 1614 689 1653 vostri
709 1627 820 1665 super
836 1615 908 1653 hac
926 1628 966 1653 re
984 1615 1062 1653 siet.

162 1668 318 1706 Faciam
338 1676 381 1705 ut
401 1668 607 1707 commixta
625 1668 673 1705 sit
690 1668 1011 1718 tragicocomoedia
1023 1682 1035 1706 ε

162 1722 205 1759 N
207 1734 269 1759 am
287 1734 349 1759 me
366 1729 547 1772 perpetuo
564 1722 685 1759 facere
702 1729 747 1758 ut
764 1721 813 1758 sit
831 1721 1025 1769 comoedia,
1216 1721 1269 1760 60

162 1775 288 1825 Reges
307 1787 383 1825 quo
403 1775 551 1813 veniant
570 1782 607 1812 et
625 1774 706 1819 Dii,
726 1786 803 1812 non
822 1787 890 1825 par
909 1774 1079 1813 arbitror.

162 1828 270 1876 Quid
301 1827 417 1877 igitur
430 1831 447 1866 ἒ
487 1827 665 1879 quoniam
697 1827 761 1865 hic
794 1840 921 1866 servus
953 1841 1105 1880 quoque
1132 1827 1271 1880 parteis

322 1880 450 1929 habet,

163 1935 332 1983 Faciam,
352 1934 412 1982 sit,
433 1934 589 1985 proinde
607 1942 651 1972 ut
667 1935 761 1982 dixi,
782 1935 1115 1985 tragicocomoedia.

163 1989 281 2027 Nunc
301 1988 373 2026 hoc
391 2000 453 2026 me
470 2000 575 2025 orare
593 2001 616 2025 a
634 1988 739 2026 vobis
753 1988 866 2037 jussit
884 1988 1052 2039 Jupiter,

163 2042 221 2080 Ut
237 2041 504 2092 conquisitores
523 2041 660 2092 singuli
679 2041 717 2078 in
738 2041 916 2079 subsellia
1218 2044 1269 2080 65

164 2095 267 2132 Eant
284 2107 352 2146 per
370 2101 487 2132 totam
507 2107 672 2140 caveam,
693 2094 975 2144 spectatoribus,

165 2148 205 2186 Si
224 2148 314 2199 quoi
332 2147 505 2186 favitores
524 2147 712 2197 delegatos
732 2147 904 2195 viderint,
