1412 2427
511 79 806 120 ASINARIA.
1170 80 1222 118 69

386 240 571 280 ACTUS
603 241 635 279 Ι.
695 239 882 280 SCENA
912 239 948 277 Ι.

396 347 619 385 Lausus.
676 346 996 385 DEMAENETUS.

113 454 253 492 Liban.
285 451 392 493 Sicut
409 461 522 491 tuum
541 453 597 491 vis
614 454 772 492 unicum
791 459 952 504 gnatum
970 460 1048 491 tuae

112 507 314 558 Superesse
332 508 434 555 vitae,
454 507 631 558 sospitem
651 515 687 545 et
706 507 974 557 superstitem;

111 560 176 597 Im
193 567 230 598 te
249 562 426 607 obtestor,
445 573 513 611 per
531 568 762 599 senectutem
781 568 902 607 tuam,

110 612 261 664 Perque
278 614 400 661 illam,
422 626 538 664 quam
557 621 600 651 tu
618 613 772 660 metuis,
792 626 952 651 uxorem
971 620 1077 651 tuam
1095 627 1107 659 ;

110 666 153 705 Si
171 667 263 718 quid
282 667 371 705 med
389 680 479 717 erga
497 674 540 705 tu
557 667 670 705 hodie
689 667 828 705 falsum
848 666 1002 714 dixeris,
1199 670 1223 705 5

109 719 168 758 Ut
187 720 256 758 tibi
274 728 460 772 superstes
478 733 576 758 uxor
595 728 744 759 aetatem
764 720 858 758 siet:

108 775 257 824 Atque,
278 774 346 812 inssa
365 774 465 821 viva,
487 774 596 812 vivus
616 782 659 812 ut
677 782 822 825 pestem
841 781 1010 826 oppetas.

109 828 287 865 Demaen.
314 828 390 866 Per
408 827 523 865 deum
544 828 699 865 Fidium
720 828 882 878 quaeris:
910 829 1038 877 jurato
1056 828 1155 866 mihi

108 879 234 919 Video
252 893 400 919 necesse
418 894 497 919 esse
515 881 652 932 eloqui,
675 881 864 932 quidquid
881 894 1009 931 roges:

109 932 174 972 Ita
191 946 254 972 me
272 935 457 973 obstinate
476 947 686 985 aggressus,
706 942 750 972 ut
769 947 845 972 non
863 935 1027 973 audeam
1179 935 1226 974 10

111 986 302 1035 Profecto,
318 989 556 1039 percontanti
575 989 668 1038 quin
686 999 861 1038 promam
881 988 1022 1026 omnia.

110 1039 276 1078 Proinde
295 1050 481 1088 actutum,
496 1042 599 1079 istud
618 1041 711 1092 quid
730 1041 791 1086 sit,
812 1041 915 1092 quod
933 1043 1027 1080 scire
1045 1043 1208 1094 expetis,

109 1092 324 1143 Eloquere:
356 1102 400 1130 ut
418 1095 498 1144 ipse
517 1095 634 1140 scibo,
655 1102 692 1131 te
710 1094 849 1132 faciam
869 1102 912 1131 ut
930 1095 1036 1132 scias.

111 1147 252 1184 Liban.
281 1146 370 1193 Dic,
391 1148 555 1194 obsecro,
578 1145 738 1198 (hercle)
760 1147 872 1193 serio,
894 1147 998 1198 quod
1015 1155 1053 1185 te
1071 1161 1214 1200 rogem.

116 1198 221 1238 Cave
238 1200 296 1237 mi
316 1200 490 1238 mendaci
509 1200 732 1250 quidquam.

497 1254 677 1291 Demaen.
706 1253 812 1300 Quin
832 1260 875 1290 tu
894 1267 981 1304 ergo
999 1254 1137 1305 rogas?
1170 1256 1218 1292 15

113 1307 253 1344 Liban.
277 1307 388 1346 Num
406 1320 469 1345 me
486 1306 578 1344 illuc
596 1307 716 1352 ducis,
737 1306 803 1343 ubi
817 1306 913 1357 lapis
926 1308 1094 1357 lapidem
1112 1309 1199 1346 terit
1211 1309 1229 1345 ἐ’

109 1361 288 1398 Demaen.
322 1361 429 1408 Quid
446 1361 542 1398 istuc
565 1358 646 1398 est?
666 1367 734 1397 aut
754 1358 823 1396 ubi
844 1368 900 1398 est
920 1360 1018 1399 istuc
1042 1369 1227 1400 terrarum

270 1414 346 1452 loci
359 1414 378 1452 ¹?

111 1468 252 1506 Liban.
291 1468 371 1506 Ubi
399 1468 491 1506 flent
519 1479 686 1519 nequam
714 1466 902 1516 homines,
933 1467 1002 1519 qui
1030 1468 1227 1519 polentam

270 1522 465 1572 pinsitant.

110 1575 286 1614 Demaen.
318 1574 427 1622 Quid
453 1574 551 1613 istuc
578 1575 640 1623 sit,
671 1581 738 1612 aut
766 1574 833 1612 ubi
858 1574 956 1613 istuc
986 1574 1048 1623 sit,
1080 1587 1227 1627 nequeo

272 1640 438 1675 noscere,

107 1682 187 1721 Ubi
205 1682 297 1721 flent
314 1694 479 1732 nequam
499 1681 685 1729 homines,
706 1681 773 1732 qui
791 1682 984 1733 polentam
1012 1681 1210 1733 pinsitant.

111 1736 250 1773 Liban.
278 1735 402 1786 Apud
420 1734 667 1772 fustitudinas
686 1735 946 1786 ferricrepinas
964 1735 1124 1784 insulas,
1171 1737 1220 1774 21

111 1788 192 1827 Ubi
210 1789 314 1827 vivos
332 1789 504 1826 homines
521 1788 664 1825 mortui
683 1788 878 1826 incursant
896 1790 1021 1827 boves.

111 1842 290 1879 Demoen.
321 1841 443 1879 Modo
463 1840 567 1892 (pol)
587 1841 750 1892 percepi,
766 1842 929 1891 Libane,
950 1841 1045 1894 quid
1062 1843 1162 1883 istuc
1180 1842 1230 1881 sit

272 1895 359 1941 loci,

114 1948 194 1987 Ubi
211 1948 255 1986 fit
272 1948 440 1999 polenta,
460 1955 497 1986 te
515 1947 673 1986 fortasse
691 1948 828 1987 dicere.

857 2003 995 2041 Libora.
1024 2003 1094 2041 Ah
1110 2003 1119 2040 Ξ

110 2055 250 2106 Neque
269 2054 428 2106 (hercle)
450 2068 520 2106 ego
536 2055 635 2094 istuc
653 2055 750 2104 dico,
771 2067 841 2094 nec
859 2056 1004 2095 dictum
1024 2057 1122 2095 volo.
1177 2058 1227 2093 25

111 2107 246 2160 Teque
265 2110 417 2147 obsecro
434 2107 615 2160 (hercle),
634 2116 692 2157 ut,
713 2122 800 2160 quae
821 2109 1000 2158 locutu’s,
1022 2109 1198 2160 daepuaS.

116 2161 287 2202 Demoen.
319 2161 435 2208 Fiat3
465 2168 618 2213 geratur
636 2174 719 2200 mos
738 2161 819 2201 tibi.
