1412 2427
451 64 825 102 AMPHITRUO.
856 64 888 101 Ι.
923 64 956 100 1.
1235 65 1258 101 9

145 169 233 207 Diis
262 169 526 209 advenientem
554 170 694 221 gratias
719 183 789 221 pro
815 168 962 207 meritis
988 180 1114 218 agere,
1143 178 1260 221 atque

437 223 445 230 ·
1207 225 1230 249 ε)

144 276 220 313 Nae
247 224 526 337 illssfflffifiiaelpol)
556 276 589 314 si
625 276 761 315 merito
793 288 880 314 meo
910 275 1049 313 referre
1082 224 1262 314 studean‘i

143 338 559 434 Aliquetigirassasm’inem
589 384 768 435 allegent,
799 382 867 434 qui
893 382 950 420 mi
977 381 1192 421 advenienti
1221 396 1264 422 os

307 437 452 475 occillet
469 439 611 489 probe3

146 489 356 538 Quoniam,
377 492 472 551 bene
487 504 574 552 ‘3¹¹ae
586 491 626 529 in
646 504 709 529 me
722 490 905 536 fecerunt,
921 489 1070 540 ingrata
1085 503 1129 529 ω,
1145 490 1265 529 habui

147 598 277 634 sslerc.
308 552 423 635 ἓξὲξ
433 553 638 649 1111Γὲἴῖυώ
655 598 767 648 volgo
785 596 891 635 haud
920 596 1055 645 solent,
1082 605 1140 646 ut,
1170 598 1263 649 quid

306 664 345 689 se
364 651 411 689 sit
425 651 600 702 dignum,
621 651 727 689 sciat.
1209 652 1264 690 30
1301 647 1309 654 '

147 706 231 742 Sos.
262 703 380 752 Quod
398 717 599 756 nunquam
618 705 794 755 opinatus
812 703 884 751 fui,
904 716 1028 755 neque
1046 704 1143 743 alius
1161 705 1265 756 quis-

307 771 426 809 quam
445 758 585 796 civium

145 810 229 849 Sibi
247 819 487 860 eventurum,
515 811 556 850 id
581 811 752 863 contigit,
781 818 825 849 ut
848 811 942 850 salvi
968 812 1178 863 potiremur
1196 812 1266 850 do-

307 877 430 903 mum.

147 918 333 966 Victores,
347 919 454 957 victis
471 920 658 968 hostibus,
672 919 854 971 legiones,
875 919 1074 958 reveniunt
1087 920 1262 967 domum,

147 971 290 1010 Duello
309 973 492 1012 exstincto
511 986 711 1020 maxumo,
741 980 856 1024 atque
879 974 1119 1012 internecatis
1145 973 1264 1012 hosti-

309 1027 395 1065 bus.

148 1078 266 1126 Quod
284 1080 407 1118 multa
425 1081 611 1120 Thebano
628 1080 772 1132 populo
791 1082 924 1120 acerba
943 1080 1079 1129 objecit
1096 1080 1246 1127 funera,

149 1131 199 1169 Id
217 1132 255 1168 vi
279 1140 316 1169 et
334 1133 473 1172 virtute
501 1135 670 1172 mih'tum
693 1133 836 1172 victum
864 1141 979 1185 atque
999 1140 1264 1184 expugnatum

310 1187 495 1237 oppidum
515 1186 576 1230 ’st,

151 1239 319 1290 Imperio
355 1248 469 1291 atque
514 1239 684 1291 auspicio
726 1239 809 1278 heri
854 1239 930 1278 mei
965 1239 1267 1291 Amphitruonis

312 1306 506 1331 maxume.

150 1346 288 1384 Praeda
306 1354 420 1397 atque
438 1358 528 1396 agro
547 1345 760 1397 adoreaque
778 1347 901 1385 affecit
918 1347 1119 1397 populares
1137 1359 1238 1395 suos,

149 1399 326 1451 Regique
338 1399 524 1438 Thebano
537 1399 691 1437 Creonti
705 1412 865 1450 regnum
878 1400 1060 1438 stabilivit
1071 1413 1199 1438 suum.

149 1453 222 1491 Me
240 1466 262 1491 a
280 1461 392 1504 portu
406 1452 590 1505 praemisit
609 1452 782 1502 domum,
802 1462 846 1491 ut
865 1453 946 1492 haec
963 1453 1139 1491 nuntiem
1156 1454 1268 1493 uxori

310 1519 414 1552 suae3
1211 1510 1264 1546 40

152 1559 210 1599 Ut
235 1561 390 1612 gesserit
407 1573 489 1599 rem
514 1560 710 1612 publicam
733 1560 867 1610 ductu,
894 1560 1071 1611 imperio,
1098 1561 1267 1613 auspicio

313 1622 408 1653 suo:

150 1667 213 1706 Ea
230 1679 335 1705 nunc
351 1667 576 1715 meditabor,
593 1679 671 1719 quo
690 1667 805 1706 modo
822 1667 881 1706 illi
899 1667 1038 1715 dicam,
1059 1681 1182 1720 quum
1200 1668 1268 1707 illo

312 1721 508 1760 advenero.

153 1775 194 1813 Si
213 1774 344 1812 dixero
362 1775 618 1822 mendacium,
640 1775 762 1813 solens
779 1787 865 1812 meo
883 1787 989 1813 more
1007 1775 1142 1814 fecero.

154 1828 274 1875 Nam,
313 1840 431 1879 quom
474 1831 696 1880 pugnabant
731 1841 928 1877 maxume,
968 1841 1038 1880 ego
1072 1828 1268 1880 fugiebam

314 1894 507 1920 maxume.

154 1935 445 2026 Verumtamen,
462 1935 571 1986 quasi
586 1935 776 1984 affuerim,
793 1935 995 1984 simulabo,
1010 1944 1126 1988 atque
1139 1935 1272 2026 audiga

350 2000 480 2039 oquar.
1242 2002 1266 2025 ο

153 2042 242 2089 Sed,
272 2055 352 2133 qulg
372 2042 503 2102 .m⁰d⁰³
531 2051 567 2081 et
587 2043 708 2082 verbis
735 2043 889 2094 quibuS,
920 2056 982 2081 me
999 2043 1128 2082 deceat
1154 2043 1266 2081 fabu-

352 2108 437 2139 ner,
