1412 2427
168 43 242 82 168
482 40 819 81 BACCHIDES.
847 41 880 80 1.
914 41 947 79 1.

165 148 243 187 Ubi
262 148 295 187 ei
313 147 495 186 dediderit
512 160 667 200 operas3
697 159 743 186 ne
763 148 861 186 hanc
878 147 942 185 ille
959 146 1098 186 habeat
1114 161 1183 200 pro
1200 161 1269 188 an-

165 256 270 294 Nam
288 201 572 345 hglclgilsliggeat
591 263 743 301 aurum,
763 253 864 305 quod
885 253 942 291 illi
964 263 1189 304 renumeret,
1210 202 1268 293 ial-

324 315 397 345 ciat
431 321 455 344 u
506 320 559 345 ns.

168 363 272 399 Pist.
300 361 379 399 Ubi
398 373 498 398 nunc
515 359 547 398 is
565 359 679 397 homo
698 359 746 397 'st
762 361 779 397 ἶ)

452 415 547 451 Bac.
579 414 672 451 Jam
690 412 754 450 hic
774 411 918 464 (credo)
939 413 1070 451 aderit.
1108 413 1183 453 Sed
1199 413 1272 451 hoc

555 465 656 503 idem
675 465 777 515 apud
796 477 864 502 nos
882 466 1018 504 rectius

167 520 313 559 Poteris
331 533 464 570 agere3
493 526 620 570 atque,
640 518 670 556 is
693 519 786 555 dum
808 518 946 565 veniat,
971 519 1104 558 sedens
1128 520 1181 559 ibi
1203 534 1271 572 op-

352 573 503 610 eribere.

168 587 503 670 Eadempbiberis;
532 624 662 663 eadem
684 624 821 663 dedero
843 624 923 669 tibi,
948 625 1016 663 ubi
1037 626 1190 670 biberis,
1214 639 1272 664 sa-

327 679 445 716 vium.
1221 680 1269 717 15

168 734 272 771 Pis-t.
300 732 438 770 Viscus
455 743 580 769 merus
599 739 723 769 vostra
734 731 781 769 'st
798 731 994 769 blanditia.

645 787 740 821 Bac.
770 784 876 831 Quid
892 785 1002 833 jam?

715 839 818 874 Pist.
847 838 951 884 Quia
970 838 1070 875 enim
1085 838 1269 890 intelligo,

166 892 267 930 Duae
284 904 406 930 unum
426 890 600 942 expetitis
619 890 850 941 palumbem.
881 890 982 929 Perii
998 891 1007 927 !
1030 891 1176 929 arundo
1194 893 1272 931 alas

324 947 503 982 verberat.

165 997 207 1036 N
208 1010 257 1036 on
276 1010 345 1049 ego
363 998 459 1034 istuc
476 996 622 1034 facinus
640 995 750 1043 mihi,
769 995 921 1044 mulier,
941 995 1174 1036 conducibile
1192 1010 1272 1038 esse

327 1050 497 1088 arbitror.

165 1106 261 1142 Bac.
291 1104 387 1152 Qui,
407 1104 574 1141 amabo?

488 1157 591 1194 Pist.
619 1155 738 1203 Quia,
759 1155 933 1203 Bacchis,
954 1156 1124 1195 Bacchas
1141 1165 1272 1197 metuo

593 1216 630 1247 et
649 1209 864 1247 Bacchanal
882 1216 1005 1247 tuum.

168 1267 263 1302 Bac.
282 1262 388 1311 Quid
409 1270 478 1310 aet,
498 1262 601 1314 quod
619 1262 784 1301 metuis?
803 1275 851 1301 ne
863 1262 932 1300 tibi
949 1262 1068 1301 lectus
1085 1264 1272 1304 malitiam

327 1316 430 1366 apud
448 1329 510 1354 me
528 1315 708 1353 suadeat?
1219 1321 1272 1357 20

169 1372 272 1409 Pist.
313 1369 442 1419 Magis
471 1369 640 1407 illectum
671 1376 781 1406 tuum
813 1382 930 1421 quam
962 1369 1103 1408 lectum
1131 1379 1277 1410 metuo.

327 1422 437 1461 Mala
455 1429 496 1460 tu
516 1435 554 1460 es
572 1422 703 1460 bestia.

167 1478 273 1515 Nam
304 1476 394 1514 huic
423 1475 524 1513 aetati
551 1487 627 1512 non
662 1474 849 1523 conducit,
882 1475 1033 1524 mulier,
1063 1476 1270 1516 latebrosus

326 1530 443 1567 locus.

168 1586 263 1621 Bac.
295 1582 475 1632 Egomet,
494 1580 597 1631 apud
614 1593 676 1619 me
694 1580 727 1618 si
745 1580 837 1632 quid
859 1581 972 1619 stulte
989 1581 1109 1621 facere
1127 1582 1270 1634 cupias,

324 1634 558 1685 prohibeam.

167 1688 243 1728 Sed
261 1700 330 1739 ego
354 1688 456 1739 apud
481 1699 543 1724 me
564 1694 600 1724 te
625 1700 703 1725 esse
726 1687 774 1725 ob
798 1700 880 1725 eam
903 1700 995 1733 rem,
1021 1688 1130 1727 miloe
1154 1702 1272 1741 quom

326 1741 461 1786 veniat,
480 1740 594 1783 v0103

168 1795 286 1844 Quia,
319 1807 438 1846 quom
472 1800 514 1831 tu
544 1793 678 1841 aderis,
708 1793 797 1832 huic
826 1793 998 1845 mihique
1028 1794 1133 1834 haud
1161 1796 1273 1838 faciet

326 1848 529 1899 quisquam
547 1846 739 1896 injuriam.
1220 1854 1272 1890 25

165 1902 231 1941 Tu
258 1901 485 1953 prohibebis,
511 1906 548 1938 et
576 1900 709 1938 eadem
736 1900 851 1953 opera
880 1907 947 1939 tuo
967 1902 1087 1940 sodali
1117 1915 1270 1954 operam

326 1954 457 1992 dabis:

164 2008 218 2047 Et
239 2008 303 2047 ille
329 2007 530 2046 adveniens
557 2013 665 2045 tuam
692 2007 781 2046 med
808 2020 887 2048 csse
911 2008 1075 2049 amicam
1102 2011 1272 2061 suspica-

325 2061 441 2099 bitur.

169 2114 276 2164 Quid
296 2112 470 2167 (amabo)
491 2113 680 2154 obticuisti
698 2116 715 2153 ?
