1412 2427
216 51 293 87 220
526 47 867 88 BACCHIDES.
896 49 944 87 V.
978 51 1017 86 2.

534 157 645 194 Phil.
664 156 747 204 Qui
766 159 869 195 non?

219 211 269 246 N
271 211 319 247 ic.
337 209 442 256 Quia
463 209 649 261 flagitium
669 210 728 247 'st-

562 263 671 300 Phil.
692 262 799 311 Quid
817 263 943 313 opu'st
961 262 1084 300 verbis
1097 263 1115 300 :a
1144 272 1226 298 meo
1245 257 1323 296 filio

638 328 714 354 non
733 328 818 354 sum
836 315 965 353 iratus.
1270 313 1322 349 45

217 372 354 422 Neque
373 378 409 408 te
429 379 494 408 tuo
513 370 562 407 'st
581 382 735 420 aequum
753 381 831 407 esse
848 368 987 406 iratum
1004 382 1013 405 :
1044 367 1073 405 si
1101 373 1244 414 amant,
1266 378 1325 403 sa·

374 424 518 475 pienter
536 422 690 460 faciunt.

216 480 312 515 Bac.
332 479 371 515 Ι.
400 477 562 528 Sequere
580 475 662 514 hac.

566 530 664 567 Nic.
691 528 823 566 Eunt:
854 541 955 567 eccas
976 527 1130 566 tandem
1147 526 1156 563 !
1189 523 1324 563 Probri

648 582 870 633 perlecebrae
889 590 925 619 et
943 579 1218 632 persuastrices.

214 636 323 684 Quid
350 638 483 674 nunc?
512 636 626 674 etiam
654 634 807 673 redditis
833 634 942 672 nobis
967 635 1063 673 filios
1088 641 1125 672 et
1142 643 1290 670 servum
1306 631 1325 668 ?

373 701 422 727 an
441 702 511 739 ego

214 742 401 794 Experior
419 750 543 781 tecum
563 741 600 780 vi
618 741 786 791 majore?

721 796 832 833 Phil.
851 795 987 833 Abi'n'
1006 793 1095 831 hinc
1108 795 1126 831 ἓ

214 850 306 888 Non
320 849 435 887 homo
450 857 489 887 tu
507 848 661 899 quidem
677 861 729 896 es,
746 848 813 899 qui
830 848 922 886 istoc
938 854 1046 899 pacto
1062 854 1141 884 tam
1159 844 1326 896 lepidam

373 902 526 953 illepide
543 901 723 952 appelles.
1273 899 1326 935 50

213 959 309 994 Bac.
322 957 361 993 Ι.
381 957 506 994 Senex
519 964 690 1005 optume,
705 961 894 1005 quantum
910 952 957 992 ’st
973 954 1012 991 in
1027 950 1137 1001 terra,
1157 951 1235 990 sine
1253 951 1324 989 hoc

373 1021 526 1046 exorare
545 1009 610 1045 abs
628 1014 679 1054 te,

214 1063 272 1101 Ut
294 1062 390 1100 istuc
411 1061 591 1099 delictum
619 1059 774 1098 desistas
798 1067 903 1099 tanto
921 1073 1032 1112 opere
1053 1059 1107 1097 ire
1124 1069 1322 1110 oppugna-

372 1122 470 1152 tum.

216 1170 313 1207 Nic.
334 1168 422 1207 Nisi
439 1169 565 1215 abeas,
581 1179 817 1219 quamquam
836 1174 878 1205 tu
896 1167 997 1205 bella
1015 1179 1069 1214 es,
1089 1165 1236 1204 malum
1255 1163 1324 1202 tibi

370 1233 555 1273 magnum
574 1221 672 1259 dabo
687 1221 782 1270 jam.

797 1276 894 1312 Bac.
908 1276 948 1312 Ι.
970 1272 1111 1312 Patiar.

214 1330 255 1367 N
258 1341 307 1367 on
326 1337 469 1377 metuo,
492 1340 540 1366 ne
559 1327 652 1379 quid
673 1327 769 1365 mihi
787 1327 925 1374 doleat,
946 1327 1048 1378 quod
1066 1325 1188 1364 ferias.

786 1382 838 1418 N
838 1383 883 1418 ic.
903 1380 958 1418 Ut
974 1378 1222 1429 blandiloqua
1239 1377 1319 1415 est!

214 1435 293 1475 Hei
310 1436 430 1474 mihi!
462 1435 615 1474 metuo!

546 1490 643 1526 Bac.
658 1490 724 1526 II.
740 1487 819 1526 Hic
835 1486 957 1536 magis
974 1483 1246 1536 tranquillu'st.
1271 1485 1323 1520 55

215 1543 252 1590 Ι,
271 1543 285 1580 i
301 1542 372 1580 hac
389 1553 541 1579 mecum
568 1541 692 1587 intr03
727 1547 840 1592 atque
858 1540 926 1586 ibi,
946 1539 977 1578 si
996 1539 1089 1590 quid
1107 1538 1178 1586 vis,
1197 1536 1321 1574 filium

372 1594 636 1644 concastigato.

216 1651 268 1686 N
267 1651 315 1686 ic.
331 1647 468 1686 Abi’n'
488 1660 511 1684 a
527 1659 603 1693 me,
624 1645 774 1685 scelus?

452 1702 549 1738 Buc.
568 1702 607 1738 I.
627 1700 731 1748 Sine,
745 1713 832 1738 mea
844 1700 980 1750 pietas,
995 1711 1162 1738 exorem.

887 1754 983 1791 IVz‘e.
1004 1753 1150 1791 Exores
1168 1758 1210 1790 tu
1228 1763 1291 1789 me
1303 1750 1321 1786 ’ἓ

211 1811 309 1847 Bac.
330 1810 368 1846 I.
385 1807 471 1857 Ego
487 1805 642 1857 quidem
660 1807 708 1844 ab
727 1806 798 1844 hoc
817 1814 913 1844 certe
931 1807 1105 1844 exorabo.

369 1862 479 1899 Phil.
500 1860 629 1897 Immo
647 1872 715 1910 ego
734 1868 769 1898 te
788 1872 866 1909 oro,
886 1867 930 1897 ut
948 1873 1011 1898 me
1027 1859 1127 1897 intro
1144 1857 1321 1897 abducas.

210 1917 307 1953 Bac.
327 1917 392 1953 II.
413 1913 604 1964 Lepidum
620 1914 679 1950 te!

570 1967 678 2004 Phil.
698 1967 757 2005 At
775 1966 896 2014 sci’n'‚
917 1978 993 2018 quo
1011 1973 1121 2016 pacto
1138 1976 1201 2003 me
1218 1963 1266 2002 ad
1285 1970 1322 2002 te

687 2020 786 2059 intro
804 2021 968 2059 abducas
978 2019 998 2055 ἲ

813 2076 911 2112 Bac.
930 2075 995 2112 ΙΙ.
1015 2071 1175 2111 Mecum
1193 2077 1238 2110 ut
1255 2069 1318 2108 sis.

206 2129 314 2168 Phil.
335 2127 492 2175 Omnia,
515 2140 600 2178 quae
620 2126 745 2178 cupi0‚
766 2137 1050 2166 commemoraS.
