1412 2427
414 67 714 106 ASINARIA.
746 66 804 104 11.
842 66 874 102 1.
1161 64 1211 106 79

358 225 545 265 ACTUS
576 226 635 264 II.
691 224 876 263 SCENA
909 224 946 261 Ι.

547 333 769 370 LmANcs.

103 442 242 480 Hercle
260 454 362 488 vero,
383 441 546 486 Libane,
564 452 665 478 nunc
689 446 726 477 te
747 438 916 476 meliu'st
938 436 1198 489 expergiscier,

104 499 235 547 Atque
253 502 408 546 argento
427 493 680 545 comparando
698 492 838 543 fingere
856 491 1059 529 fallaciam.

103 549 132 587 J
134 562 198 587 am
225 548 293 587 diu
312 550 361 587 ’st
392 548 536 586 factum
566 559 685 598 quom
714 546 866 584 discesti
895 547 944 583 ab
969 545 1073 593 hero,
1104 552 1220 596 atque

265 602 389 640 abiisti
407 601 458 639 ad
475 601 619 649 forum,

105 655 230 706 Igitur
247 655 480 693 inveniundo
498 661 654 705 argento
673 661 716 691 ut
733 653 892 703 fingeroe
911 651 1116 690 fallaciam.

104 710 168 747 lbi
187 717 229 746 tu
247 708 296 746 ad
314 709 386 746 hoc
403 708 478 746 diei
496 715 646 758 tempus
666 705 877 744 domfitasti
895 705 934 742 in
954 706 1044 743 otio.
1195 707 1220 742 5

106 762 214 810 Quin
247 769 288 800 tu
318 764 385 801 abs
414 769 451 799 te
480 761 688 800 socordiam
710 772 864 798 omnem
889 759 998 807 reice,
1029 766 1067 797 et
1095 758 1221 809 segni-

267 816 360 855 tiem
378 827 536 859 amove3

107 870 241 921 Atque
259 869 308 907 ad
325 869 524 919 ingenium
543 876 651 906 vetus
662 875 856 905 versutum
868 876 904 904 te
915 863 1087 918 [recipis]
1101 872 1224 903 tuum.

108 923 224 962 Serva
240 923 401 961 herum:
424 934 514 961 cave
532 929 575 959 tu
593 921 696 960 idem
713 921 825 969 faxis,
845 920 911 959 alii
929 919 1033 972 quod
1047 920 1144 958 servi
1162 933 1223 958 so-

267 977 362 1024 lent,

109 1029 205 1078 Qui,
230 1029 280 1067 ad
303 1029 385 1067 heri
409 1028 701 1076 fraudationem,
728 1027 910 1066 callidum
937 1025 1137 1077 ingenium
1158 1039 1225 1077 ge-

272 1090 374 1120 runt.

112 1135 227 1174 Unde
250 1137 433 1173 sumam?
462 1147 578 1186 quem
600 1134 844 1172 intervortam
860 1136 877 1171 ?
907 1145 984 1184 quo
1006 1133 1104 1171 hanc
1128 1133 1226 1171 celo-

273 1201 355 1227 cem
373 1188 564 1227 conferam
576 1187 594 1223 ἱ)
1176 1186 1226 1224 10

113 1241 374 1292 Impetritum,
387 1242 658 1292 inauguratum
673 1243 739 1279 ‘stz
763 1240 894 1292 quovis
909 1239 1116 1277 admittunt
1127 1252 1228 1278 aves.

115 1295 230 1333 Picus
255 1303 292 1334 et
317 1296 447 1334 cornix
472 1302 528 1333 est
552 1297 600 1333 ab
621 1294 743 1339 laev213
774 1306 907 1332 corvus
929 1305 1042 1343 porro
1065 1295 1113 1331 ab
1132 1292 1226 1331 dex-

277 1350 369 1387 tera.

114 1401 369 1441 Consuadent.
411 1402 569 1441 Certum
590 1401 758 1447 (hercle)
779 1408 834 1439 oet
863 1408 1029 1439 vostram
1050 1400 1229 1452 consequi

276 1456 513 1494 sententiam.

115 1509 190 1549 Sed
213 1508 307 1560 quid
330 1509 416 1557 hoc,
440 1509 543 1560 quod
565 1509 674 1560 picus
700 1509 852 1546 ulmum
877 1506 1039 1546 tundit?
1068 1519 1145 1544 non
1175 1515 1229 1545 te-

274 1564 481 1601 merarium
501 1563 573 1600 ’st:

118 1617 243 1665 Certe,
264 1616 440 1669 (hercle)
462 1629 532 1667 ego
551 1623 739 1668 quantum
755 1629 803 1654 ex
826 1614 987 1666 augurio
1005 1615 1150 1666 auspici
1169 1615 1235 1652 in-

275 1678 312 1708 te
344 1671 418 1718 ⁰⁰0,
1182 1669 1230 1706 15

118 1725 204 1762 Aut
222 1671 380 1761 mihinilii
396 1723 542 1762 mundo
561 1729 651 1761 sunt
666 1723 795 1774 virgae,
817 1731 884 1761 aut
895 1722 1050 1760 atriensi
1061 1723 1227 1760 Saureae.

118 1777 192 1815 sed
204 1776 298 1828 quid
312 1777 417 1825 illuc,
438 1777 541 1828 quod
552 1777 791 1815 exanimatus
802 1776 919 1814 currit
935 1776 1011 1813 huc
1027 1776 1229 1814 Leonida?

120 1831 272 1879 Metuo,
292 1830 395 1882 quod
412 1831 490 1870 illic
508 1831 734 1870 obscaevavit
751 1843 846 1869 meae
864 1829 969 1868 falsae
986 1829 1158 1867 fallaciae.
