1412 2427
376 28 777 68 CISTELLARIA.
809 28 843 65 Ι.
881 28 914 64 1.
999 67 1005 73 ‚
1124 26 1200 63 321

91 135 171 173 Ubi
188 136 278 173 istas
296 135 422 174 videas
440 148 592 174 summo
611 147 746 186 genere
764 142 887 182 natas,
1157 133 1208 169 26

92 189 326 227 Summateis
344 196 550 236 matronas,
571 197 616 226 ut
634 188 841 226 amicitiam
860 188 1002 235 colunt,

94 241 228 292 Atque
246 250 291 279 ut
311 254 394 280 eam
409 243 588 291 junctam
608 243 706 279 bene
724 241 865 279 habent
883 242 981 279 inter
996 253 1054 279 se.

91 295 134 332 Si
152 294 255 332 idem
267 295 370 333 istuc
387 308 456 333 nos
473 295 674 343 faciamus,
696 295 727 332 si
744 295 845 332 idem
865 294 1073 343 imitemur,

93 347 156 385 Ita
174 356 302 386 tamen
321 348 386 386 vix
405 349 568 386 vivimus
586 361 675 386 cum
693 347 837 386 invidia
856 349 1017 386 summe„
1153 347 1206 385 30

89 401 257 439 Suarum
275 415 393 453 opum
410 414 480 440 nos
499 402 631 440 volunt
643 414 728 439 -esse
747 401 983 451 indigenteis,

92 454 238 493 Nostra
255 455 366 507 copi&
384 455 504 493 nihilo
523 455 657 493 volunt
676 468 744 493 nos
761 462 922 506 potesse,

91 508 238 559 Suique
256 509 430 546 omnium
449 521 575 546 rerum
595 521 663 546 nos
681 508 863 558 indigere,

95 560 152 598 Ut
171 562 242 599 sibi
261 562 379 600 simus
397 562 597 613 supplices.
653 563 732 600 Eas
750 562 782 599 si
800 562 925 608 adem,

91 615 260 652 Abitum
279 628 396 666 quam
416 616 564 653 aditum
583 615 694 653 malis
710 630 720 652 :
751 615 805 653 ita
822 623 949 653 nostro
967 614 1091 652 ordini
1156 615 1206 652 35

90 668 229 706 Palam
247 669 521 712 blandiuntur;
554 669 666 716 clam,
689 669 720 706 si
739 669 880 706 occasio
897 680 1063 719 usquam
1082 675 1152 714 est,

90 721 251 772 Aquam
269 721 448 772 frigidam
468 722 626 760 subdole
646 721 886 760 suffundunt.

91 774 198 812 Viris
216 788 304 813 cum
324 776 400 813 suis
418 775 624 826 praedicant
642 787 711 813 nos
730 776 847 813 solere
862 789 874 812 ε

91 828 188 866 Suas
205 829 357 879 pessices
375 841 451 866 oese
470 828 578 865 aiunt
593 843 603 865 :
634 835 727 866 eunt
744 828 964 879 depressum
979 843 990 866 ε

90 881 198 929 Quia
232 894 301 919 nos
336 881 523 920 libertinae
559 893 706 929 sumus,
746 890 783 920 et
815 894 885 931 ego
915 889 952 920 et
988 889 1056 920 tua
1086 889 1208 921 mater

252 937 376 973 ambae
1154 938 1206 974 40

92 988 313 1026 Meretrices
329 989 500 1026 fuimus:
530 989 597 1026 issa
615 996 666 1037 te,
686 1001 756 1039 ego
772 989 873 1026 hanc
890 989 987 1026 mihi
1006 988 1162 1027 educavi

91 1042 157 1079 Ex
170 1041 340 1093 patribus
355 1042 637 1080 commenticiis.
679 1043 818 1093 Neque
831 1055 899 1093 ego
913 1042 1012 1080 hauc
1023 1043 1209 1094 superbiae

251 1108 364 1134 causa

89 1149 237 1200 Repuli
266 1148 315 1186 ad
345 1149 603 1187 meretricium
633 1156 839 1200 quaestum‚
870 1148 942 1187 nisi
976 1155 1020 1186 ut
1047 1160 1095 1187 ne
1122 1161 1207 1187 esu-

249 1215 376 1241 nrem.

91 1258 165 1295 Sil.
192 1256 252 1294 At
269 1255 387 1296 satius
406 1257 531 1295 fuerat
548 1270 632 1295 eam
651 1257 731 1296 viro
749 1257 838 1295 dare
857 1264 1022 1308 nuptum
1041 1256 1180 1307 potius.

926 1312 1045 1348 Lena.
1075 1310 1202 1348 Heia!

90 1365 188 1403 Haec
205 1364 363 1455 qukild'ehu?3
378 1362 561 1440 fecasmr)
581 1363 716 1402 cotidie
735 1364 815 1402 viro
833 1364 970 1410 nubit3
999 1363 1207 1454 Πυρείῐςὲιὲ

90 1472 225 1510 Nubet
255 1483 347 1508 mox
376 1445 510 1508 'noctu.
568 1471 782 1522 Nunquam
819 1484 888 1522 ego
920 1471 1020 1509 hanc
1048 1469 1204 1508 viduam

250 1526 389 1562 cubare
407 1524 491 1562 sivi.

91 1579 212 1625 Nam,
250 1578 281 1616 si
316 1577 397 1616 haec
431 1589 508 1615 non
550 1579 684 1625 nubat,
721 1578 884 1630 lugubre
921 1577 1022 1616 fame
1058 1576 1205 1615 familia

280 1638 392 1669 ereat.

92 1685 210 1734 Gym.
240 1645 402 1723 §ecesse
420 1691 489 1732 eet,
509 1697 586 1736 quo
609 1693 651 1723 tu
679 1697 742 1723 me
769 1685 884 1723 modo
902 1685 1004 1723 voles
1031 1697 1123 1731 esse,
1152 1684 1205 1722 ita

255 1750 346 1783 esse,
366 1745 497 1775 mater.

93 1793 214 1829 Lena.
242 1790 414 1838 Ecastor,
447 1791 552 1828 haud
578 1803 641 1829 me
667 1792 836 1842 poenitet,
866 1793 911 1840 si,
945 1799 989 1830 ut
1016 1791 1121 1839 dicis,
1153 1790 1207 1828 ita

250 1843 381 1881 futura
398 1857 449 1882 es.

91 1899 213 1944 Nam,
241 1897 281 1988 siii
295 1897 451 1947 quidem
477 1897 531 1934 ita
554 1898 626 1936 eris
653 1907 697 1936 ut
720 1899 820 1947 volo,
841 1911 1039 1951 nunquam
1061 1897 1207 1987 Hecqlg

283 1963 345 1987 es:
1153 1963 1176 1987 ῡ

94 2006 327 2063 Semperque
336 2003 479 2094 bi35tam,
501 2018 617 2056 quam
646 2018 748 2045 nunc
772 2006 903 2053 habes,
924 2004 1117 2044 aetatulam
1142 2005 1209 2041 ob-

258 2065 334 2094 tine
363 2069 419 2103 183
