1412 2427
446 227 1023 286 PROLOGUS.

183 372 268 410 Hos
286 385 380 423 quos
399 372 534 411 videtis
552 380 648 410 stare
665 372 730 410 hic
748 371 915 421 captivos
933 371 1043 417 duos,

181 425 249 463 1111
266 426 333 476 qui
351 425 513 473 adstant,
533 426 574 463 hi
588 433 689 464 stant
706 427 833 471 ambo,
854 437 929 462 non
949 424 1091 461 sedent.

179 477 262 516 Vos
281 491 345 517 vos
364 479 459 516 mihi
476 487 587 517 testes
606 479 707 524 estis,
727 491 789 515 me
808 491 940 515 verum
957 476 1075 527 loqui.

181 531 320 579 Senex,
340 532 407 583 qui
424 532 487 570 hic
504 531 823 581 habitat‚.Hegio,
844 538 900 569 est
916 531 1032 579 hujus
1048 536 1167 579 pater.

181 584 271 632 Sed,
291 585 322 622 is
341 598 417 635 quo
436 594 544 635 pacto
564 585 698 624 serviat
717 597 784 622 suo
803 584 874 622 sibi
891 584 1003 634 patri,
1262 584 1288 619 5

182 637 232 675 Id
251 650 319 688 ego
338 638 401 676 hic
420 639 522 690 apud
540 651 605 676 vos
626 639 842 688 proloquar,
863 637 894 675 si
913 648 1068 687 operam
1086 635 1196 673 datis.

181 690 271 728 Seni
289 691 378 729 huic
396 692 548 730 fuerunt
566 692 635 729 filii
652 692 731 729 nati
751 691 851 728 duo:

179 743 361 782 Alterum
381 745 624 796 quadrimum
645 757 806 795 puerum
825 756 955 781 servus
973 741 1135 793 surpuit,

181 796 376 848 Eumque,
396 798 485 837 hinc
501 798 736 850 profugiens,
756 796 926 834 vendidit
943 796 984 832 in
1001 795 1120 833 Alide

184 849 356 899 Hujusce
375 852 495 902 patri:
524 853 605 901 jam
623 851 693 890 1100
712 850 844 889 tenetis
857 852 874 887 ἓ
904 850 1125 900 Optumum
1145 848 1206 887 ’st.
1239 848 1287 886 10

183 903 310 954 Negat
333 905 502 954 (hercle)
523 905 587 942 1110
606 905 777 942 ultimus.
817 902 1011 940 Accedito.

183 956 224 993 Si
243 969 332 1004 non,
355 958 421 995 ubi
440 959 581 1004 sedeas,
602 957 706 995 locus
725 964 792 1003 est,
814 964 882 1002 est,
902 956 971 993 ubi
988 955 1174 1001 ambules,

184 1008 350 1055 Quando
369 1010 590 1049 histrionem
610 1011 712 1060 cogis
731 1008 988 1048 mendicarier.

182 1062 268 1113 Ego
287 1076 362 1111 me,
381 1064 448 1102 tua
467 1064 592 1112 causa,
616 1064 683 1114 (ne
702 1062 815 1112 erres)
837 1074 912 1101 non
934 1069 1116 1112 rupturus
1137 1073 1234 1099 sum.

183 1115 220 1153 V
223 1128 279 1161 05,
300 1117 367 1167 qui
385 1118 538 1168 potestis
557 1131 627 1168 ope
646 1117 768 1155 vostr⁸a
787 1115 981 1163 censerier,
1240 1113 1289 1151 15

180 1168 354 1219 Accipite
372 1171 587 1221 reliquum:
617 1170 740 1209 alieno
757 1170 816 1208 uti
833 1169 929 1206 nihil
945 1181 1084 1206 moror.

182 1221 214 1258 F
218 1222 384 1271 ugitivus
403 1224 467 1262 ille
489 1226 550 1273 (ut
568 1224 738 1262 dixeram
758 1221 862 1271 ante)
882 1222 999 1271 hujus
1016 1221 1129 1272 patri,

180 1273 310 1313 Domo
339 1290 455 1328 quem
483 1277 702 1329 profugiens
722 1276 923 1315 dominum
950 1275 1169 1322 abstulerat,
1200 1285 1291 1312 ven-

343 1331 450 1368 didit.

181 1381 273 1428 Hic,
293 1393 494 1435 postquam
509 1385 611 1422 hunc
630 1384 736 1432 emit,
755 1383 859 1421 dedit
877 1395 963 1420 eum
982 1381 1072 1418 huic
1090 1387 1205 1431 gnato
1222 1392 1291 1418 suo

183 1435 434 1484 peculiarem,
456 1438 546 1489 quia
564 1437 673 1488 quasi
690 1449 769 1475 una
787 1443 876 1474 aetas
894 1442 986 1473 erat.
1237 1435 1291 1472 20

183 1487 262 1527 Hic
275 1503 377 1529 nunc
395 1491 499 1529 domi
517 1491 629 1529 servit
647 1503 715 1528 suo
733 1490 856 1541 patri;
887 1501 956 1526 nec
973 1487 1041 1525 scit
1058 1494 1174 1538 pater.

180 1540 390 1582 Enimvero
409 1544 478 1581 Dii
495 1557 577 1591 nos,
599 1543 706 1594 quasi
724 1543 834 1593 pilas,
849 1541 1021 1579 homines
1038 1540 1191 1578 habent.

181 1597 381 1635 Rationem
399 1597 558 1642 habetis,
579 1597 769 1647 quomodo
786 1608 909 1633 unum
927 1593 1105 1632 amiserit.

183 1651 393 1700 Postquam
412 1650 635 1700 belligerant
653 1649 776 1687 AEtoli
798 1661 886 1687 cum
905 1647 1022 1694 Aliis,

183 1706 198 1751 (
215 1705 271 1742 Ut
289 1703 333 1740 fit
350 1703 388 1740 in
408 1704 526 1752 bello)
547 1703 693 1754 capitur
711 1703 806 1740 alter
823 1702 924 1740 filius
940 1716 950 1739 ε
1239 1702 1291 1738 25

181 1757 360 1795 Medicus
378 1756 609 1795 Menarchus
628 1757 719 1794 emit
737 1755 878 1794 ibidem
897 1755 937 1792 in
956 1753 1086 1792 Alide.

183 1810 307 1861 Coepit
324 1810 510 1860 capteivos
529 1810 770 1848 commercari
787 1809 849 1847 hic
869 1809 992 1854 Alios,

183 1864 225 1902 Si
243 1876 358 1914 quem
376 1864 536 1913 reperire
554 1871 691 1914 posset,
711 1875 788 1915 quo
806 1870 930 1901 mutet
947 1874 1061 1900 suum
1288 1900 1291 1903 Δ

182 1917 302 1955 11111111
328 1916 536 1967 captivum.
581 1917 701 1956 Hunc
726 1929 840 1956 suum
865 1929 943 1955 esse
966 1915 1098 1962 nescit,
1130 1914 1199 1966 qui
1224 1914 1292 1952 do-

342 1970 398 2007 mi
413 1969 471 2007 'st.

183 2023 251 2071 Et,
272 2023 453 2074 quoniam
471 2022 552 2060 heri
570 2022 658 2060 inde
677 2023 836 2072 audivit,
856 2022 904 2062 de
922 2036 1073 2062 summo
1086 2023 1169 2060 loco
1239 2021 1292 2059 30

184 2078 421 2127 Summoque
439 2089 574 2127 genere
592 2083 746 2127 captum
765 2090 843 2115 esse
862 2077 1025 2128 equitem
1046 2076 1198 2123 Alium,

184 2130 255 2167 Nil
273 2130 392 2181 pretio
410 2129 542 2179 parsit,
558 2129 636 2167 filio
655 2131 748 2169 dum
768 2138 957 2181 parceret:
