1412 2427
415 52 746 93 CAPTEIVEI.
777 53 836 91 11.
865 53 902 90 3.
1136 51 1209 89 241

104 161 320 201 Hominum
338 160 535 212 ingenium
553 159 732 199 h'berale!
763 165 806 196 ut
818 159 1005 197 lacrumas
1020 158 1216 197 excutiunt

261 214 357 253 mihi
372 215 382 253 ἰ

103 268 246 308 Videas
259 268 369 307 corde
383 280 510 306 amare
524 267 621 306 inter
635 278 686 305 se.
726 265 893 314 Quantis
910 265 1088 304 laudibus
1102 278 1216 304 suum

261 322 396 360 herum
1162 322 1213 357 (1⁸0

103 376 242 414 Servus
260 374 511 414 collaudavit!

345 431 497 467 Philoc.
526 427 618 466 Istic
639 426 747 479 (pol)
768 425 873 464 haud
891 439 953 464 me
973 425 1216 464 centesimam

105 483 261 521 Partem
294 482 441 530 laudat,
473 494 591 533 quam
626 481 706 532 ipse
736 480 937 526 meritu'st,
969 486 1012 517 ut
1043 478 1218 516 laudetur

264 536 453 575 laudibus.

106 591 215 639 Heg.
234 589 353 640 Ergo,
375 602 492 641 quom
510 595 666 639 optume
680 586 813 634 fecisti,
831 598 933 625 nunc
951 585 1056 624 adest
1074 586 1217 624 occasio

105 642 314 681 Benefacta
328 642 536 687 cumulare,
553 649 597 679 ut
611 654 699 691 erga
712 641 814 678 hunc
827 653 907 678 rem
926 653 1032 691 geras
1047 638 1217 677 fideliter.

107 697 262 735 Philae.
283 696 414 747 Magis
427 708 504 734 non
519 695 663 733 factum
677 706 831 745 possum
847 693 957 742 velle,
973 705 1087 745 quam
1105 692 1219 744 opera

268 750 438 801 experiar
455 749 642 800 persequi.
1166 747 1217 783 65

106 802 156 841 Id
173 809 218 841 ut
236 803 344 852 sciaS,
359 804 500 842 Jovem
519 813 740 852 supremum
759 807 893 839 testem
911 800 1040 848 laudo,
1058 800 1200 851 HegiO,

105 856 180 895 Me
196 856 389 896 infidelem
408 869 485 895 non
503 856 677 894 futurum
693 854 912 892 Philocrati.

737 910 844 957 Heg.
867 908 1014 946 Probus
1031 919 1071 946 es
1088 907 1216 945 homo.

109 963 266 1002 Philoc.
295 963 337 1002 N
339 976 380 1002 ec
403 976 468 1002 me
495 975 600 1001 secus
632 974 804 1013 unquam
833 961 867 999 ei
893 961 1084 999 facturum
1109 960 1221 1011 quid-

270 1030 401 1068 quam,
423 1029 540 1068 quam
559 1023 701 1054 memet
719 1015 829 1053 mihi.

114 1071 244 1121 Tynd.
272 1070 384 1109 Istaec
402 1070 502 1108 dicta
521 1077 558 1108 te
571 1069 731 1119 experiri
750 1076 787 1106 et
805 1070 926 1119 operis
945 1076 981 1106 et
999 1067 1105 1106 factis
1122 1067 1222 1105 volo.

109 1125 176 1172 Et,
197 1137 274 1176 quo
291 1124 419 1162 minus
438 1123 533 1172 dixi,
554 1134 670 1175 quam
689 1122 793 1160 volui
820 1122 867 1160 de
885 1130 935 1170 te,
955 1121 1128 1160 animum
1154 1120 1222 1158 ad-

269 1186 392 1216 vortas
411 1178 520 1217 volo:
1171 1176 1223 1218 70

109 1232 257 1282 Atque,
277 1231 428 1322 fl'1orunc
453 1233 653 1270 verborum
678 1230 805 1277 causa,
831 1238 958 1268 caveto
985 1228 1081 1266 mihi
1107 1229 1226 1266 iratus

295 1298 374 1323 uas.

110 1338 187 1378 Sed
212 1346 262 1386 te,
285 1337 450 1390 (quaeso)
471 1338 645 1390 cogitato,
675 1336 778 1385 hinc,
807 1336 894 1375 mea
919 1337 1007 1384 fide,
1032 1336 1135 1374 mitti
1156 1335 1224 1374 do-

270 1404 376 1430 mum

111 1445 172 1484 Te
186 1452 446 1506 astumatum,
466 1453 647 1506 etmaem
667 1457 745 1483 esse
764 1444 880 1482 vitam
901 1443 964 1483 hic
982 1456 1051 1496 pro
1070 1451 1107 1482 te
1124 1442 1226 1494 posi-

270 1508 350 1537 tam
369 1512 519 1551 pignon
535 1512 547 1544 3

111 1552 175 1591 Ne
193 1559 235 1591 tu
263 1565 326 1591 me
343 1553 506 1604 ignores,
526 1565 644 1604 quom
665 1551 856 1601 extemplo
882 1564 967 1590 meo
987 1565 1007 1590 e
1025 1557 1227 1602 conspectu

272 1607 506 1654 abscesseris,

111 1658 244 1706 Quom
262 1672 325 1698 me
345 1673 495 1699 servum
513 1660 554 1698 in
573 1660 750 1698 servitute
769 1671 838 1709 pro
857 1667 894 1698 te
911 1658 975 1696 hic
992 1657 1186 1709 reliqueris
1202 1671 1213 1703 ;

112 1713 254 1764 Tuque
273 1720 310 1751 te
325 1726 395 1765 pro
413 1714 533 1752 libero
552 1726 631 1752 ωδε
650 1714 779 1759 ducas,
799 1713 940 1764 pignus
958 1712 1129 1755 desera53
1175 1711 1227 1755 76

113 1766 253 1818 Neque
270 1766 336 1857 (ἐξ
353 1780 521 1818 operam,
540 1780 610 1818 pro
627 1779 690 1806 me
709 1774 753 1805 ut
771 1766 886 1816 hujus
913 1765 1089 1804 reducem
1113 1763 1228 1802 facias

114 1873 216 1912 Scito
233 1881 271 1911 te
288 1833 510 1912 hiffminis
528 1873 664 1925 viginti
682 1880 925 1912 astumatum
944 1871 1098 1910 mittier.

113 1926 192 1965 Fae
209 1926 331 1964 fidelis
351 1927 400 1964 sis
419 1927 544 1966 fideli:
575 1940 664 1965 oeve
683 1926 798 1965 fidem
818 1927 962 1965 fluxam
982 1938 1101 1976 geras.

113 1980 220 2018 Nam
251 1987 359 2030 pater
367 1981 390 2060 ς(
401 1980 495 2030 scio)
522 1980 645 2025 faciet,
671 1993 757 2031 quae
780 1980 892 2018 illum
919 1980 1040 2019 facere
1067 1984 1229 2067 opor‘cegt(3

112 2087 232 2126 Serva
258 2046 553 2148 igmplerapetuum
583 2086 652 2148 tibi
680 2086 848 2127 amicum
879 2099 957 2136 me,
987 2093 1102 2137 atque
1129 2085 1231 2122 hunc

275 2148 475 2180 luventum
494 2150 633 2180 invem.

169 2204 273 2234 vot„
291 2205 322 2232 1.
982 2203 1013 2230 Y
