1412 2427
197 14 275 51 244
510 13 838 53 CAPTEIVEI.
867 13 950 53 111.
976 15 1015 52 2.

196 118 297 157 Dico
315 131 436 158 unum
455 120 657 159 ridiculum
678 120 822 159 dictum
841 120 888 160 de
906 120 1014 160 dictis
1032 119 1268 168 melioribus,

196 173 350 220 Quibus
369 174 534 212 solebam
553 174 799 212 menstruales
817 175 947 226 epulas
965 182 1053 213 ante
1070 173 1290 224 adipiscier·

198 227 326 264 Nemo
343 226 453 265 ridet.
505 227 604 265 Scivi
622 227 813 278 extemplo
831 241 911 266 rem
929 229 976 267 de
994 235 1188 279 compacto
1207 225 1302 277 geri.

198 280 262 318 Ne
293 292 424 318 canem
455 280 610 332 quidem
637 281 821 318 irritatam
849 282 968 319 voluit
992 282 1196 333 quisquam
1223 279 1310 317 imi-

359 333 483 381 tarier,
1258 333 1310 370 25

197 386 355 430 Saltem,
376 387 409 424 si
423 399 497 425 non
517 387 734 435 arriderent,
755 387 884 426 dentes
902 396 946 426 ut
963 388 1240 438 restringerent.

198 440 310 477 Abeo
328 441 376 478 ab
395 440 484 487 illis,
503 449 706 492 postquam
726 440 834 478 video
852 453 914 479 me
933 442 984 479 sic
1002 439 1240 478 ludificarier.

200 493 322 544 Pergo
353 493 403 531 ad
431 494 549 539 alios3
580 493 689 531 venio
718 493 767 531 ad
795 494 913 541 alios3
951 494 1087 532 deinde
1113 493 1162 531 ad
1187 491 1306 531 alios.

359 559 437 585 una
454 560 522 585 res.

198 600 344 639 Omnes
358 608 552 651 compacto
566 613 646 638 rem
662 607 834 660 agunt,q
837 601 917 639 uasi
934 601 974 638 in
990 601 1158 639 Velabro
1172 598 1313 638 olearii.

199 654 315 691 Nunc
334 653 443 691 redeo
461 653 562 700 inde,
584 654 763 704 quoniam
782 666 845 692 me
863 655 916 692 ibi
934 654 1041 692 video
1060 651 1297 691 ludificarier.

199 707 298 745 Item
320 707 384 743 alii
403 707 556 757 parasiti
577 707 717 744 frustra
734 707 1060 746 obambulabant
1050 719 1089 744 m
1109 706 1202 744 foro.
1256 705 1304 742 31

199 761 316 798 Nunc
334 759 525 798 barbarica
542 759 625 810 lege
643 768 788 798 certum
808 760 855 798 ’st
868 762 932 809 jus
951 772 1081 798 meum
1097 771 1209 798 omne
1225 771 1312 809 per-

357 813 477 864 sequi.

197 864 279 913 Qui
304 867 504 904 consilium
533 866 665 915 iniere,
695 878 772 918 quo
798 879 866 904 nos
890 866 991 905 victu
1019 874 1056 904 et
1075 865 1154 904 vita
1181 864 1312 916 prohi-

200 972 273 1010 His
295 921 568 1018 ὤεῑῗὶθᾶἒὶὲιως
597 972 770 1023 irrogabo
793 973 972 1022 multam,
1000 980 1045 1010 ut
1066 971 1163 1011 mihi
1189 983 1310 1011 coenas

198 1078 292 1116 Meo
320 1025 502 1117 ετξξξτεεῖῗυ
533 1078 638 1126 dent,
669 1091 788 1130 quom
820 1092 905 1118 cara
940 1091 1092 1118 annona
1123 1077 1182 1116 sit.
1249 1078 1312 1117 Sic

199 1185 317 1224 Nunc
344 1145 485 1247 iffieffli:
504 1193 656 1237 portum
681 1185 794 1223 hinc:
824 1194 879 1224 est
902 1186 980 1224 illic
1002 1185 1098 1224 mihi
1122 1197 1200 1223 una
1226 1132 1312 1235 sp3g

199 1290 243 1329 Si
273 1303 316 1329 m
345 1247 556 1342 ggergffijcia’:
577 1293 706 1332 redibo
735 1293 811 1332 huc
839 1293 890 1332 ad
917 1306 1060 1342 senem,
1089 1292 1139 1331 ad
1165 1303 1312 1331 coenam

359 1358 545 1397 asperam.

441 1507 626 1547 ACTUS
656 1508 739 1546 III.
794 1507 978 1546 SCENA
1008 1507 1070 1546 ΙΙ.

674 1614 845 1652 HEGIO.

197 1719 304 1768 Quid
323 1727 378 1759 est
404 1720 572 1768 suavius,
592 1734 708 1772 quam
736 1723 832 1759 bene
850 1732 930 1757 rem
958 1732 1085 1770 gerere
1111 1721 1211 1759 bono
1238 1733 1311 1773 pu-

358 1773 458 1811 blico
472 1776 490 1811 ,⁹
520 1775 616 1812 sicut
635 1788 703 1825 ego
723 1774 794 1812 feci
810 1773 908 1818 heri,

198 1826 330 1874 Quom
360 1826 435 1865 emi
467 1826 578 1865 hosce
606 1828 793 1866 homines.
863 1826 941 1865 Ubi
975 1826 1137 1878 quisque
1167 1827 1310 1875 vident,

359 1888 451 1918 eunt
468 1881 632 1923 obviam,

200 1933 527 1985 Gratulanturque
545 1947 629 1972 eam
657 1947 750 1973 rem.
803 1934 865 1973 Ita
891 1946 954 1972 me
980 1933 1177 1984 miserum,
1204 1933 1312 1986 resti-

358 1987 473 2025 tando

197 2039 502 2093 Retinendoque,
521 2040 663 2079 lassum
683 2041 939 2080 reddiderunt.
