1412 2372
423 229 929 282 PROLOGUS.

526 355 826 394 MERccRmS.

115 463 173 501 Ut
192 475 256 500 vos
274 463 314 500 in
335 462 467 500 vostris
484 461 594 500 voltis
612 461 866 500 mercimoniis

116 516 310 554 Emundis
329 515 616 567 vendundisque
633 528 696 553 me
714 516 848 554 laetum
866 515 981 554 lucris

117 569 294 617 Afficere,
315 577 430 621 atque
447 569 626 619 adjuvare
643 569 683 606 in
702 571 815 608 rebus
834 569 1039 616 omnibus;

116 623 170 661 Et
189 632 232 660 ut
250 636 307 661 res
325 623 564 674 rationesque
582 630 796 661 vostrorum
814 623 989 661 omnium

115 677 223 715 Bene
241 677 418 728 expedire
436 677 561 724 voltis,
581 689 810 728 peregreque
829 685 864 715 et
883 676 1002 723 domi,
1204 679 1227 713 5

115 731 302 782 Bonoque
321 737 439 791 atque·
452 729 580 791 amplo
599 740 751 768 auctare
769 738 951 782 perpetuo
969 730 1088 777 lucro,

116 784 301 834 Quasque
319 783 510 835 incepistis
529 797 601 830 185,
622 797 793 836 quasque
810 784 1073 835 inceptabitis·
1062 812 1074 829 ‚

117 837 171 875 Et
189 838 248 874 uti
265 838 374 875 bonis
393 850 459 875 vos
479 845 700 888 vostrosque
719 838 866 876 omneis
884 837 1030 875 nuntiis

114 890 186 929 Me
205 890 349 929 afficere
368 891 502 937 voltis3
535 904 579 930 ea
595 891 765 940 afferam,
786 904 906 943 eaque
922 898 968 929 ut
985 889 1174 936 nuntiem,

113 944 214 991 Quae
231 957 413 982 maxume
430 945 471 982 in
489 957 571 983 rem
589 952 754 983 vostram
772 957 1017 984 communem
1037 944 1157 981 sient:
1186 943 1233 982 lo

112 998 174 1040 (N
176 1011 239 1036 am
259 1011 323 1036 vos
342 998 499 1049 quidem
517 999 558 1036 id
580 1000 664 1048 jam
683 999 784 1037 scitis
803 1011 1023 1038 eoncessum
1043 1006 1080 1035 et
1097 997 1232 1035 datum

115 1050 222 1088 Mihi
241 1064 318 1089 esse
337 1053 385 1088 ab
404 1051 491 1089 Diis
510 1052 608 1098 31115,
628 1052 772 1090 nuntiis
790 1053 945 1103 praesim
963 1059 1000 1089 et
1018 1051 1147 1089 lucro:
1155 1049 1171 1099 )

120 1104 215 1142 Haec
234 1112 277 1142 ut
295 1117 358 1141 me
376 1104 487 1142 voltis
505 1106 729 1155 approbare,
750 1106 927 1152 annitier,

120 1158 291 1195 Lucrum
312 1165 355 1194 ut
372 1169 535 1208 perenne
554 1158 660 1195 vobis
679 1170 827 1208 semper
846 1165 1024 1209 suppetat
1042 1173 1054 1205 ;

117 1211 181 1249 Ita
199 1210 287 1248 huic
305 1210 449 1248 facietis
466 1210 608 1248 fabulae
627 1209 835 1259 silentium,
1184 1209 1231 1246 15

118 1265 276 1316 Ita-que
295 1263 395 1314 aequi
414 1273 451 1301 et
465 1265 560 1313 justi
578 1263 642 1302 hie
661 1263 762 1302 eritis
780 1277 910 1302 01111185
928 1264 1071 1302 arbitri.

117 1318 159 1356 N
162 1330 250 1365 unc,
270 1318 410 1368 quojus
425 1318 536 1366 jussu
554 1317 678 1364 venio,
699 1324 736 1355 et
755 1320 1004 1369 quamobrem
1023 1317 1205 1364 venerim,

117 1371 282 1409 Dicam:
313 1370 505 1422 simquue
522 1371 602 1422 ipse
619 1371 776 1421 eloquar
795 1383 934 1410 nomen
952 1384 1099 1410 meum.

117 1426 227 1464 Jovis
242 1425 354 1473 jussu
372 1424 506 1462 venio:
535 1436 676 1462 nomen
696 1424 867 1463 Mercuri
889 1424 936 1463 ’st
954 1424 1063 1463 mihi.

119 1479 234 1517 Pater
251 1477 327 1516 huc
344 1491 408 1516 me
424 1478 529 1516 misit
545 1477 594 1516 ad
612 1491 678 1516 vos
696 1486 846 1516 oratum
864 1491 987 1527 meus,
1178 1481 1230 1516 20

120 1532 306 1578 Tametsi,
326 1544 395 1583 pro
413 1532 587 1583 imperiO,
608 1532 714 1570 vobis
733 1532 837 1583 quod
855 1532 1000 1571 dictum
1019 1533 1128 1579 foret,

116 1586 247 1625 Scibat
264 1585 454 1630 facturos3
484 1586 628 1637 quippe
645 1585 713 1637 qui
730 1585 981 1634 intellexerat,

118 1639 253 1678 Vereri
272 1651 337 1676 vos
355 1652 394 1677 se
412 1646 449 1676 et
465 1647 649 1686 metuere,
669 1639 722 1676 ita
740 1646 784 1677 ut
803 1652 957 1691 aequum
978 1639 1041 1688 'st,
1061 1639 1202 1678 Jovem
1218 1652 1228 1675 ι

119 1693 268 1732 Verum
286 1692 452 1743 profecto
470 1692 541 1731 hoc
558 1700 685 1744 petere
703 1705 766 1730 me
781 1693 948 1744 precario

118 1747 162 1785 A
182 1746 287 1784 vobis
301 1746 415 1794 jussit
432 1746 566 1784 leniter
583 1746 694 1784 dictis
712 1747 832 1784 bonis.
1178 1747 1231 1782 25

120 1799 278 1838 Etenim
295 1799 374 1847 ille,
394 1800 527 1850 quoju‘
547 1800 621 1838 huc
637 1801 746 1849 jussu
765 1800 888 1848 venio,
909 1799 1076 1852 Jupiter,

122 1854 214 1891 Non
233 1853 361 1890 minus
379 1866 496 1903 quam
514 1861 683 1891 vostrum
703 1853 842 1904 quivis,
862 1854 1041 1892 formidat
1057 1853 1203 1890 malum
1219 1866 1229 1889 ε

122 1907 310 1945 Humana.
326 1914 448 1944 matre
465 1914 593 1955 natus,
613 1906 783 1944 humano
801 1915 922 1958 patre,

123 1960 263 1998 Mirari
280 1971 356 1997 non
376 1968 430 1999 oet
450 1973 619 2021 aequum,
640 1961 711 1999 sibi
730 1961 761 1998 si
778 1961 977 2011 praetimet.

122 2014 255 2065 Atque
274 2026 344 2063 ego
361 2027 514 2065 quoque
532 2014 660 2062 etiam,
680 2015 747 2065 qui
765 2014 794 2052 J
797 2027 877 2052 ovis
895 2027 979 2053 sum
1000 2013 1115 2061 filius,
1183 2013 1235 2049 30

123 2066 360 2117 Contagione
378 2066 454 2106 mei
471 2068 589 2117 patris
606 2076 737 2106 metuo
755 2067 930 2106 1113111111.

124 2121 328 2171 Propterea
344 2133 436 2171 pace
454 2120 626 2166 advenio,
647 2128 684 2160 et
702 2133 833 2172 pacem
852 2121 901 2159 ad
920 2134 986 2160 vos
1003 2120 1130 2159 affero.
