1412 2427
240 68 317 105 254
546 65 874 106 CAPTEIVEI.
903 67 985 106 111.
1012 70 1050 107 5.

240 174 357 211 Facta
375 184 453 212 esse
469 173 537 219 ita,
557 180 602 210 ut
620 180 663 211 tu
681 172 788 220 dicis,
807 179 845 211 et
861 172 1018 212 fallaciis
1291 175 1346 213 20

237 226 391 264 Abiisse
409 239 498 264 eum
516 228 583 264 abs
601 233 650 272 te,
670 226 757 264 mea
774 226 888 277 opera
905 234 1020 278 atque
1037 227 1199 274 astuti&

238 279 318 326 An,
338 281 489 318 obsecro
509 280 524 331 (
540 279 684 329 hercle)
703 287 754 327 te,
774 279 815 317 id
831 291 934 317 nunc
951 293 1145 320 succenses
1161 279 1289 319 mihi?

241 335 348 382 Heg.
364 333 421 370 At
441 345 528 371 cum
548 333 714 371 cruciatu
733 345 916 370 maxumo
933 332 972 370 id
991 333 1134 372 factum
1155 332 1204 371 ’st
1221 341 1300 371 tuo.

244 387 371 435 Tynd.
387 385 496 424 Dum
514 398 562 424 ne
580 387 628 424 ob
642 385 844 424 malefacta
859 398 1026 436 peream,
1041 386 1148 438 parvi
1166 394 1339 425 aestumO.

237 439 280 478 Si
299 452 367 490 ego
384 439 448 476 hic
467 440 608 490 peribo,
629 446 686 477 ast
702 439 781 486 ille,
801 446 846 476 ut
863 439 973 486 dixit,
993 452 1069 477 non
1087 439 1209 486 redit;
1291 441 1344 477 25

237 493 296 530 At
314 493 383 530 erit
401 492 495 529 mihi
513 492 584 530 hoc
600 492 742 530 factum
761 499 911 530 mortuo
929 493 1198 538 memorabile,
1186 506 1197 516 ·

235 545 374 583 Meum
393 545 529 583 herum
548 554 716 596 captum,
737 558 785 583 ex
803 545 980 583 servitute
997 554 1111 598 atque
1128 546 1316 593 hostibus,

237 599 434 637 Reducem
454 599 581 637 fecisse
595 599 785 636 liberum
775 610 813 636 m
832 599 994 648 patriam
1012 600 1060 638 ad
1078 606 1239 656 patrem,

238 651 452 702 Meumque
470 652 596 702 potius
615 664 676 690 me
696 659 809 703 caput
826 651 994 702 periculo

240 705 525 754 Praeoptavisse‚
546 717 663 755 quam
681 706 713 743 is
732 705 883 755 periret,
903 717 1052 755 ponere.
1292 705 1345 742 30

239 760 345 807 Jleg.
364 758 494 796 Facito
513 771 601 809 ergo
619 766 663 795 ut
681 758 893 796 Acherunti
913 758 1036 796 clueas
1055 757 1188 808 gloria.

245 812 372 860 Tynd.
395 812 476 858 Qui
495 824 561 862 per
579 811 756 849 virtutem
774 811 950 861 perbitat,
971 823 1048 849 non
1067 811 1206 849 interit.

239 867 346 914 Heg.
380 863 547 911 Quando
579 875 648 914 ego
677 871 715 902 te
748 864 933 913 exemplis
966 864 1225 903 excruciavero
1261 876 1347 915 pes-

398 929 529 963 sumls,

238 970 371 1021 Atque
389 971 438 1008 ob
457 969 595 1007 sutelas
613 976 697 1007 tuas
715 975 752 1007 te
769 969 883 1006 morti
899 969 1050 1012 misero,

238 1024 314 1061 Vel
333 1031 369 1061 te
387 1023 570 1067 interisse,
587 1023 643 1060 vel
665 1023 815 1073 perisse,
835 1022 1062 1073 praedicent3
1297 1024 1348 1061 35

240 1077 348 1114 Dum
366 1089 508 1128 pereas,
529 1075 625 1113 nihil
643 1075 830 1121 interduo,
851 1075 979 1114 dicant
996 1076 1131 1114 vivere.

245 1131 371 1179 Tynd.
394 1129 479 1177 Pol,
499 1130 529 1167 si
547 1129 643 1167 istuc
657 1128 770 1175 faxis,
791 1128 895 1166 haud
913 1129 992 1167 sine
1006 1129 1118 1180 poena
1136 1129 1283 1177 feceris,

241 1184 282 1220 Si
300 1183 364 1220 ille
382 1183 458 1221 huc
473 1182 623 1227 redibit,
645 1182 739 1220 sicut
758 1182 904 1221 confido
919 1182 1045 1221 affore.

242 1239 368 1275 Arist.
404 1237 479 1274 Pro
498 1237 566 1274 Dii
593 1235 849 1274 immortales!
880 1248 982 1274 nunc
1004 1249 1074 1287 ego
1096 1243 1219 1285 teneo,
1246 1249 1349 1276 nunc

400 1302 475 1328 sc10

241 1343 349 1391 Quid
367 1343 415 1381 sit
431 1343 503 1381 hoc
520 1342 661 1394 negoti.
717 1342 834 1380 Meus
852 1342 988 1381 sodalis
1008 1343 1242 1383 Philocrates
1295 1345 1349 1383 40

244 1398 292 1435 In
308 1397 479 1435 libertate
497 1404 551 1434 est
570 1396 618 1434 ad
637 1402 797 1447 patrem,
815 1396 856 1433 in
874 1396 1010 1447 patria.
1063 1397 1171 1435 Bene
1188 1405 1267 1436 est·

243 1451 284 1488 N
287 1463 327 1488 ec
345 1457 400 1488 est
419 1451 622 1502 quisquam
641 1449 751 1497 mihi,
772 1462 879 1500 aeque
896 1450 1033 1488 melius
1052 1450 1142 1501 quoi
1156 1451 1284 1488 velim.

243 1503 319 1543 Sed
349 1504 421 1543 hoc
452 1504 549 1541 mihi
581 1515 679 1554 aegre
706 1502 767 1551 'st‚
805 1515 867 1541 me
902 1503 991 1542 huic
1020 1503 1165 1541 dedisse
1197 1517 1350 1556 operam

402 1557 559 1604 malam,

243 1610 325 1658 Qui
343 1622 459 1659 nunc,
478 1617 629 1661 propter
646 1621 709 1646 me
725 1620 886 1659 meaque
903 1610 1031 1657 verba,
1051 1609 1197 1648 vinctus
1215 1617 1282 1649 est.

245 1667 354 1714 Heg.
386 1664 546 1702 Vetuin'
571 1670 608 1702 te
633 1661 844 1714 quidquam
876 1662 932 1700 mi
961 1663 1074 1702 hodie
1097 1663 1237 1702 falsum
1264 1677 1353 1715 pro-

401 1717 509 1768 loqui
521 1719 539 1755 ?
1301 1718 1353 1756 45

251 1771 376 1820 Tynd.
395 1770 573 1809 vetuisti.
602 1770 603 1776 ’

486 1824 589 1873 Heg.
611 1822 691 1861 Cur
710 1835 748 1861 es
766 1834 881 1860 ausus
897 1823 1049 1861 mentiri
1066 1823 1162 1862 mihi
1175 1826 1193 1863 Ρ

252 1877 378 1927 Tynd.
400 1875 504 1924 Quia
522 1889 609 1915 vera
626 1878 796 1915 obessent
814 1876 882 1920 illi,
903 1877 994 1928 quoi
1012 1889 1166 1928 operam
1183 1876 1323 1917 dabam
1337 1892 1349 1916 τ

247 1932 364 1970 Nunc
382 1931 478 1969 falsa
494 1937 664 1982 prosunt.
1097 1957 1103 1962 .

593 1986 701 2034 Heg.
720 1983 778 2022 At
796 1983 866 2022 tibi
883 1985 1055 2023 oberunt.

953 2039 1080 2087 Tynd.
1099 2037 1272 2090 Optume
1291 2038 1352 2076 ’st-

248 2091 306 2130 At
322 2091 458 2129 herum
476 2091 634 2140 servavi,
654 2103 770 2142 quem
789 2097 977 2130 servatum
995 2091 1167 2142 gaudeo3

249 2144 353 2193 Quoi
369 2157 432 2183 me
449 2144 644 2185 custodem
658 2144 855 2184 addiderat
871 2145 985 2184 herus
1002 2146 1124 2195 maj01
1141 2157 1261 2184 meus.
1301 2145 1353 2182 50
