1412 2427
189 67 267 103 316
562 66 790 105 CASINA.
816 66 868 104 V.
897 68 934 104 4.

190 173 260 211 Me
277 173 515 211 obsecravisti
534 185 658 225 opere,
675 173 854 212 Casinam
873 181 917 212 ut
934 185 1125 224 poscerem
1143 185 1302 211 uxorem

348 225 457 263 mihi.
1253 227 1301 264 16

191 281 290 319 stul.
322 279 402 317 Tui
420 279 557 318 amoris
576 281 688 319 causei
707 293 776 331 ego
794 280 891 317 istuc
909 278 990 316 feci.

716 335 819 373 Cleo.
846 332 974 370 Immo
995 331 1166 382 (hercle)
1186 332 1301 371 illius.

197 386 257 424 Te
275 386 430 437 quidem
449 387 704 439 oppressisset.

385 443 483 479 Stal.
512 442 600 479 Feci
619 453 688 492 ego
706 441 807 479 istaec
826 440 939 488 dicta,
962 453 1049 491 quae
1067 452 1133 479 vos
1151 439 1273 478 dicitis
1285 439 1303 476 ’Ξ

191 494 295 531 Cleo.
325 494 484 545 Rogitas
503 495 614 532 etiam
627 495 644 530 ἱ)

395 550 492 586 Stal.
522 548 719 598 Siquidem
740 547 906 593 (hercle)
926 546 1011 593 feci,
1031 547 1102 585 feci
1120 545 1305 597 nequiter.

193 601 298 638 Cleo.
324 601 425 639 Redi
444 601 556 639 modo
573 601 648 639 huc
666 601 789 639 intro:
819 602 996 649 monebo,
1017 599 1204 652 siquidem
1223 611 1305 637 me-

348 655 492 692 ministi
511 655 652 692 minus.
1249 654 1302 691 20

193 708 292 744 Stal.
312 707 466 798 Ηὲἷῴς,
480 707 652 759 (opinor)
672 709 799 759 potius
818 707 924 745 vobis
943 707 1108 756 credam,
1125 706 1228 758 quod
1243 719 1308 744 vos

391 770 485 800 cltls.

191 813 280 858 Sed,
312 827 423 862 uxor,
455 815 505 852 da
532 815 612 853 viro
641 815 739 853 hanc
769 814 931 852 veniam.
987 813 1210 863 Murrhina,
1239 826 1305 851 ora

350 868 614 906 Cleostratam.

189 920 231 959 Si
250 921 595 1012 unquaxEJdposthac
615 928 682 958 aut
699 933 846 959 amasso
858 921 1052 969 Casinam,
1072 928 1139 959 aut
1152 933 1306 972 occepso

350 987 389 1012 m
443 987 465 1012 o

190 1027 312 1065 Nulla
339 1040 453 1066 causa
469 1003 533 1076 ’'st,
563 1027 656 1079 quin
688 1027 915 1079 pendentem
945 1040 1022 1076 me,
1051 1040 1163 1075 uxor,
1191 1027 1306 1079 virgis

348 1082 529 1119 verberes.

189 1136 245 1172 M
245 1148 306 1173 ur.
335 1133 479 1173 Censeo
498 1138 673 1182 (ecastor)
693 1135 842 1172 veniam
861 1135 959 1172 hanc
977 1134 1156 1173 dandam.

735 1190 838 1227 Cleo.
866 1189 1022 1226 Faciam
1041 1196 1086 1226 ut
1100 1189 1224 1237 jubes.
1251 1191 1304 1227 25

188 1242 348 1293 Propter
376 1255 460 1280 eam
495 1255 590 1288 rem,
624 1242 722 1280 hanc
751 1242 821 1280 tibi
857 1254 959 1280 nunc
991 1241 1142 1280 veniam
1177 1242 1306 1280 minus

187 1349 302 1386 Hanc
321 1304 501 1399 εέτῇἶῖέἓ
520 1295 798 1399 ἑεξῐξὲξᾶιῖἒῐέηε
816 1349 1001 1387 faciamus
1019 1348 1202 1387 fabulam.

188 1403 288 1440 8ταῖ.
318 1402 408 1440 Non
426 1402 522 1440 irata
540 1415 578 1440 es
591 1402 609 1438 ?

405 1456 507 1494 Cleo.
537 1456 629 1494 Non
647 1468 734 1494 sum
754 1457 861 1494 irata.

704 1512 803 1549 Stal.
831 1509 931 1547 Tuae
948 1509 1036 1547 fidei
1054 1507 1164 1547 credo
1177 1510 1195 1546 Ρ

1058 1563 1162 1600 Cleo.
1185 1561 1300 1600 Meae.

189 1618 288 1655 Stal.
316 1616 560 1667 Lepidiorem
596 1629 756 1654 uxorem
792 1628 905 1655 nemo
935 1616 1154 1668 quisquam,
1185 1628 1303 1666 quam

347 1682 416 1720 ego
433 1669 566 1707 habeo.

584 1724 682 1761 Cha.
710 1722 825 1762 Hanc
841 1724 953 1762 habe.

192 1777 294 1814 Cleo.
314 1776 403 1826 Age
418 1784 475 1823 tu,
490 1775 604 1814 redde
617 1776 707 1814 huic
721 1776 927 1827 scipionem
944 1784 981 1815 et
993 1776 1170 1828 pallium.

851 1832 946 1870 Cha.
976 1831 1097 1869 Tene.

968 1885 1067 1922 Stal.
1095 1883 1221 1922 Libet.
1250 1884 1303 1921 30

192 1937 289 1975 Cha..
309 1936 415 1974 Mihi
432 1937 588 1987 quidem
602 1936 773 1988 (edepol)
787 1937 966 1989 insignite
978 1937 1078 1976 facta
1095 1944 1150 1975 est
1164 1949 1304 1987 magna

346 2003 498 2039 injuria.

197 2042 361 2081 Duobus
377 2044 513 2095 nupsi:
542 2052 675 2083 neuter
689 2045 790 2094 fecit,
806 2046 909 2097 quod
928 2058 1035 2084 novae
1053 2051 1182 2096 nuptae
1201 2043 1307 2081 solet.
