1412 2427
244 51 321 88 256
544 50 872 90 CAPTEIVEI.
901 51 984 90 111.
1011 53 1051 89 5.

244 157 337 194 Post
368 163 542 206 mortem,
575 157 615 195 in
648 165 770 197 morte
799 157 896 196 nihil
926 165 996 206 est,
1030 155 1132 208 quod
1163 162 1351 227 metuam),

398 209 490 248 mali
504 225 513 248 z
1292 209 1346 246 8ο

241 261 306 306 Et,
327 261 358 300 si
375 263 527 313 pervivo
544 275 665 316 usque
683 263 731 302 ad
749 276 938 303 summam
959 270 1123 311 aetatem,
1142 270 1271 301 tamen

242 315 366 353 Breve
384 316 547 367 spatium
568 318 617 355 'st
634 317 864 369 perferundi,
885 330 971 369 quae
989 317 1141 355 minitas
1158 314 1266 354 mihi.
1295 314 1349 352 85

240 367 340 407 Vale
357 377 472 420 atque
489 369 613 416 salve3
643 370 725 418 etsi,
748 370 856 408 aliter
873 378 918 408 ut
936 370 1074 417 dicam,
1092 381 1227 407 mereS.

242 420 323 468 Tu,
342 422 647 474 Aristophontes,
667 423 714 461 de
732 435 796 461 me
808 430 851 460 ut
868 422 1054 471 meruisti,
1074 422 1128 460 ita
1145 421 1254 467 vale3

240 474 282 512 N
283 487 346 513 am
364 475 460 513 mihi
478 483 630 527 propter
649 484 685 514 te
703 476 774 514 hoc
791 475 939 526 obtigit.

849 530 955 579 Hcg.
975 528 1180 567 Abducite.

247 582 372 631 Tynd.
403 582 462 620 At
493 595 615 620 unum
643 583 713 620 hoc
737 595 879 633 quaeso,
908 582 939 620 si
965 581 1041 620 huc
1067 581 1200 620 rebitet
1218 580 1351 620 Philo-

240 687 296 726 Ut
313 642 641 737 milu'crgtfg’facias
659 688 910 728 conveniundi
927 687 1089 739 copiam.
1293 688 1347 726 90

239 742 345 790 Heg.
364 741 548 790 Periistis‚
566 743 638 781 nisi
656 743 759 781 hunc
773 744 854 792 jam
875 755 895 780 e
913 748 1111 792 conspectu
1132 739 1330 779 abducitis.

245 795 371 844 Tynd.
391 795 463 834 Vis
481 796 561 834 haec
580 795 735 847 quidem
753 794 922 846 (hercle)
938 795 999 844 'st,
1020 801 1057 832 et
1074 793 1173 831 trahi
1189 801 1226 832 et
1243 792 1346 831 trudi

240 902 347 952 Heg.
370 849 530 940 Ilsllilglgt
542 901 726 940 abductus
744 901 845 940 recta
862 901 902 938 in
920 900 1137 952 phylaoem,
1151 907 1195 938 ut
1208 899 1350 950 dignus

234 1005 322 1057 Ego
339 962 589 1058 fflfftttapdvis
607 1008 689 1047 aliis
707 1008 978 1047 documentum
995 1007 1108 1057 dabo,

238 1060 301 1098 Ne
320 1060 393 1098 tale
411 1061 613 1112 quisquam
631 1061 775 1100 facinus
793 1062 957 1113 incipere
974 1061 1124 1099 audeat.
1293 1060 1347 1099 95

236 1112 354 1160 Quod
372 1115 514 1165 absque
530 1114 602 1152 hoc
617 1122 726 1161 esset,
746 1116 811 1166 qui
830 1114 926 1152 mihi
943 1114 1014 1152 hoc
1031 1113 1120 1152 fecit
1137 1113 1279 1164 palam,

236 1167 369 1217 Usque
388 1167 615 1207 offrenatum
635 1168 712 1206 suis
729 1180 793 1205 me
810 1167 1006 1206 ductarent
1023 1166 1131 1205 dolis.

235 1219 277 1256 N
281 1231 354 1258 unc
374 1228 517 1258 certum
533 1219 581 1259 ’st
599 1221 696 1259 nulli
714 1228 798 1272 post
814 1221 894 1259 haec
912 1220 1124 1272 quidquam
1142 1218 1300 1258 credere.

235 1272 335 1310 Satis
353 1285 440 1311 sum
459 1274 575 1311 semel
593 1273 784 1325 deceptus.
838 1273 995 1324 Speravi
1011 1272 1126 1311 miser

235 1325 300 1363 Ex
319 1326 496 1365 servitute
513 1339 576 1365 me
594 1327 776 1365 exemisse
792 1326 929 1364 filium.
1267 1325 1344 1364 100

233 1379 295 1416 Ea
313 1391 397 1430 spes
416 1379 542 1429 elapsa
560 1378 622 1418 ‘st-
677 1379 831 1417 Perdidi
850 1391 972 1417 unum
990 1378 1128 1427 filium,

234 1432 405 1470 Puerum
424 1432 683 1483 quadrimum,
703 1445 818 1482 quem
837 1432 932 1469 mihi
951 1445 1079 1470 servus
1097 1430 1269 1480 surpuit:

234 1485 374 1536 Neque
393 1486 495 1523 enim
514 1496 667 1522 servum
685 1496 857 1534 unquam
875 1484 1009 1535 reperi,
1029 1496 1153 1534 neque
1170 1483 1294 1521 filium
1307 1497 1319 1521 t

234 1537 364 1587 Major
381 1538 524 1588 potitus
541 1536 707 1575 hostium
727 1537 785 1574 ’st.
843 1536 962 1584 Quod
979 1536 1051 1575 hoc
1068 1543 1124 1574 est
1141 1537 1259 1575 scelus
1275 1537 1284 1574 !

233 1590 358 1638 Quasi
373 1591 413 1628 in
431 1590 630 1628 orbitatem
646 1589 782 1627 liberos
798 1589 1056 1640 produxerim.
1263 1589 1340 1628 105

232 1644 396 1694 Sequere
412 1643 507 1681 hac:
537 1642 714 1680 reducam
733 1649 783 1691 te,
802 1642 869 1680 ubi
886 1642 1004 1681 fuisti.
1057 1642 1235 1681 Neminis

232 1696 408 1734 Misereri
425 1702 569 1734 eertum
580 1696 650 1742 fist,
666 1695 762 1746 quia
778 1695 855 1733 mei
873 1695 1024 1734 miseret
1040 1695 1245 1735 neminem.

185 1768 189 1774 ,
233 1750 360 1786 Arist.
379 1747 633 1799 Exauspicavi
651 1761 699 1786 ex
716 1749 871 1787 vinclis:
901 1761 1004 1787 nunc
1022 1748 1206 1801 intellige,

233 1801 591 1854 Redauspicandum
610 1813 689 1841 esse
704 1800 744 1841 in
763 1809 912 1842 catenas
928 1802 1065 1842 denuo.
