<?xml version="1.0" encoding="UTF-8"?>
<!DOCTYPE html PUBLIC "-//W3C//DTD XHTML 1.0 Transitional//EN"
    "http://www.w3.org/TR/xhtml1/DTD/xhtml1-transitional.dtd">
<html xmlns="http://www.w3.org/1999/xhtml" xml:lang="en" lang="en">
 <head>
  <title>
</title>
<meta http-equiv="Content-Type" content="text/html;charset=utf-8" />
  <meta name='ocr-system' content='tesseract 3.04.00' />
  <meta name='ocr-capabilities' content='ocr_page ocr_carea ocr_par ocr_line ocrx_word'/>
</head>
<body>
  <div class='ocr_page' id='page_1' title='image "./comoediaesupers01plauuoft_0101.png"; bbox 0 0 1412 2427; ppageno 0'>
   <div class='ocr_carea' id='block_1_1' title="bbox 408 48 1196 86">
    <p class='ocr_par' dir='ltr' id='par_1_1' title="bbox 408 48 1196 86">
     <span class='ocr_line' id='line_1_1' title="bbox 408 48 1196 86; baseline 0 0"><span class='ocrx_word' id='word_1_1' title='bbox 408 48 708 86; x_wconf 84' lang='lat' dir='ltr'>ASINARIA.</span> <span class='ocrx_word' id='word_1_2' title='bbox 738 48 822 86; x_wconf 89' lang='grc' dir='ltr'><strong>ΙΙΙ.</strong></span> <span class='ocrx_word' id='word_1_3' title='bbox 850 48 884 85; x_wconf 89' lang='grc'>1.</span> <span class='ocrx_word' id='word_1_4' title='bbox 1144 49 1196 86; x_wconf 81' lang='grc'>93</span> 
     </span>
    </p>
   </div>
   <div class='ocr_carea' id='block_1_2' title="bbox 81 151 1212 2169">
    <p class='ocr_par' dir='ltr' id='par_1_2' title="bbox 85 151 1196 247">
     <span class='ocr_line' id='line_1_2' title="bbox 85 151 1196 206; baseline -0.004 -12"><span class='ocrx_word' id='word_1_5' title='bbox 85 157 242 194; x_wconf 77' lang='grc' dir='ltr'><em>ΡΙιὶΙεη.</em></span> <span class='ocrx_word' id='word_1_6' title='bbox 270 156 408 206; x_wconf 86' lang='lat' dir='ltr'>Neque</span> <span class='ocrx_word' id='word_1_7' title='bbox 426 151 595 205; x_wconf 88' lang='lat' dir='ltr'>(edepol)</span> <span class='ocrx_word' id='word_1_8' title='bbox 615 161 651 192; x_wconf 91' lang='lat' dir='ltr'>te</span> <span class='ocrx_word' id='word_1_9' title='bbox 675 166 822 201; x_wconf 87' lang='lat' dir='ltr'>accuso,</span> <span class='ocrx_word' id='word_1_10' title='bbox 848 166 971 205; x_wconf 85' lang='lat' dir='ltr'>neque</span> <span class='ocrx_word' id='word_1_11' title='bbox 995 153 1035 191; x_wconf 87' lang='lat' dir='ltr'>id</span> <span class='ocrx_word' id='word_1_12' title='bbox 1058 166 1120 192; x_wconf 89' lang='lat' dir='ltr'>me</span> <span class='ocrx_word' id='word_1_13' title='bbox 1137 153 1196 190; x_wconf 90' lang='lat' dir='ltr'>fa-</span> 
     </span>
     <span class='ocr_line' id='line_1_3' title="bbox 244 206 1190 247; baseline -0.004 0"><span class='ocrx_word' id='word_1_14' title='bbox 244 221 324 247; x_wconf 90' lang='lat' dir='ltr'>cere</span> <span class='ocrx_word' id='word_1_15' title='bbox 341 209 398 246; x_wconf 87' lang='lat' dir='ltr'>fas</span> <span class='ocrx_word' id='word_1_16' title='bbox 418 207 619 245; x_wconf 82' lang='lat' dir='ltr'>existumo.</span> <span class='ocrx_word' id='word_1_17' title='bbox 1145 206 1190 243; x_wconf 90' lang='lat' dir='ltr'>ll</span> 
     </span>
    </p>

    <p class='ocr_par' dir='ltr' id='par_1_3' title="bbox 86 260 1195 366">
     <span class='ocr_line' id='line_1_4' title="bbox 86 260 1195 312; baseline -0.002 -12"><span class='ocrx_word' id='word_1_18' title='bbox 86 262 233 312; x_wconf 86' lang='lat' dir='ltr'>Verum</span> <span class='ocrx_word' id='word_1_19' title='bbox 252 275 321 312; x_wconf 82' lang='lat' dir='ltr'>ego</span> <span class='ocrx_word' id='word_1_20' title='bbox 339 274 442 299; x_wconf 87' lang='lat' dir='ltr'>meas</span> <span class='ocrx_word' id='word_1_21' title='bbox 463 274 600 312; x_wconf 91' lang='lat' dir='ltr'>queror</span> <span class='ocrx_word' id='word_1_22' title='bbox 624 260 808 310; x_wconf 87' lang='lat' dir='ltr'>fortunas,</span> <span class='ocrx_word' id='word_1_23' title='bbox 835 273 954 312; x_wconf 92' lang='lat' dir='ltr'>quom</span> <span class='ocrx_word' id='word_1_24' title='bbox 974 260 1056 308; x_wconf 85' lang='lat' dir='ltr'>illo,</span> <span class='ocrx_word' id='word_1_25' title='bbox 1079 272 1195 311; x_wconf 88' lang='lat' dir='ltr'>quem</span> 
     </span>
     <span class='ocr_line' id='line_1_5' title="bbox 244 314 574 366; baseline -0.006 -13"><span class='ocrx_word' id='word_1_26' title='bbox 244 328 345 361; x_wconf 89' lang='lat' dir='ltr'>amo,</span> <span class='ocrx_word' id='word_1_27' title='bbox 364 314 574 366; x_wconf 88' lang='lat' dir='ltr'>prohibeor.</span> 
     </span>
    </p>

    <p class='ocr_par' dir='ltr' id='par_1_4' title="bbox 87 366 1194 419">
     <span class='ocr_line' id='line_1_6' title="bbox 87 366 1194 419; baseline -0.004 -12"><span class='ocrx_word' id='word_1_28' title='bbox 87 370 219 407; x_wconf 76' lang='lat' dir='ltr'>Cleaer.</span> <span class='ocrx_word' id='word_1_29' title='bbox 243 369 348 419; x_wconf 85' lang='lat' dir='ltr'>Ergo</span> <span class='ocrx_word' id='word_1_30' title='bbox 367 380 445 406; x_wconf 88' lang='lat' dir='ltr'>una</span> <span class='ocrx_word' id='word_1_31' title='bbox 462 381 549 419; x_wconf 89' lang='lat' dir='ltr'>pars</span> <span class='ocrx_word' id='word_1_32' title='bbox 567 367 743 406; x_wconf 87' lang='lat' dir='ltr'>orationis</span> <span class='ocrx_word' id='word_1_33' title='bbox 762 367 809 405; x_wconf 91' lang='lat' dir='ltr'>de</span> <span class='ocrx_word' id='word_1_34' title='bbox 820 367 881 405; x_wconf 88' lang='lat' dir='ltr'>die</span> <span class='ocrx_word' id='word_1_35' title='bbox 898 367 1052 405; x_wconf 90' lang='lat' dir='ltr'>dabitur</span> <span class='ocrx_word' id='word_1_36' title='bbox 1069 366 1165 403; x_wconf 86' lang='lat' dir='ltr'>mihi</span> <span class='ocrx_word' id='word_1_37' title='bbox 1176 368 1194 404; x_wconf 70' lang='grc' dir='ltr'><strong><em>ἓ</em></strong></span> 
     </span>
    </p>

    <p class='ocr_par' dir='ltr' id='par_1_5' title="bbox 85 419 1196 514">
     <span class='ocr_line' id='line_1_7' title="bbox 85 419 1196 473; baseline -0.003 -13"><span class='ocrx_word' id='word_1_38' title='bbox 85 423 240 460; x_wconf 79' lang='grc' dir='ltr'>ΡΙιὶΙεη.</span> <span class='ocrx_word' id='word_1_39' title='bbox 269 422 324 460; x_wconf 83' lang='lat' dir='ltr'>Et</span> <span class='ocrx_word' id='word_1_40' title='bbox 340 434 467 460; x_wconf 88' lang='lat' dir='ltr'>meam</span> <span class='ocrx_word' id='word_1_41' title='bbox 484 429 633 473; x_wconf 87' lang='lat' dir='ltr'>partem</span> <span class='ocrx_word' id='word_1_42' title='bbox 654 421 851 472; x_wconf 88' lang='lat' dir='ltr'>loquendi,</span> <span class='ocrx_word' id='word_1_43' title='bbox 881 429 918 460; x_wconf 91' lang='lat' dir='ltr'>et</span> <span class='ocrx_word' id='word_1_44' title='bbox 943 429 1064 470; x_wconf 87' lang='lat' dir='ltr'>tuam,</span> <span class='ocrx_word' id='word_1_45' title='bbox 1087 419 1196 457; x_wconf 87' lang='lat' dir='ltr'>trado</span> 
     </span>
     <span class='ocr_line' id='line_1_8' title="bbox 244 475 328 514; baseline 0 -1"><span class='ocrx_word' id='word_1_46' title='bbox 244 475 328 514; x_wconf 89' lang='lat' dir='ltr'>tibi.</span> 
     </span>
    </p>

    <p class='ocr_par' dir='ltr' id='par_1_6' title="bbox 81 528 1196 621">
     <span class='ocr_line' id='line_1_9' title="bbox 81 528 1196 581; baseline -0.002 -15"><span class='ocrx_word' id='word_1_47' title='bbox 81 528 150 566; x_wconf 84' lang='lat' dir='ltr'>Ad</span> <span class='ocrx_word' id='word_1_48' title='bbox 165 528 415 581; x_wconf 87' lang='lat' dir='ltr'>loquendum,</span> <span class='ocrx_word' id='word_1_49' title='bbox 432 535 547 580; x_wconf 90' lang='lat' dir='ltr'>atque</span> <span class='ocrx_word' id='word_1_50' title='bbox 561 528 609 566; x_wconf 90' lang='lat' dir='ltr'>ad</span> <span class='ocrx_word' id='word_1_51' title='bbox 621 528 838 578; x_wconf 84' lang='lat' dir='ltr'>tacendum,</span> <span class='ocrx_word' id='word_1_52' title='bbox 858 535 939 567; x_wconf 90' lang='lat' dir='ltr'>tute</span> <span class='ocrx_word' id='word_1_53' title='bbox 949 528 1089 566; x_wconf 85' lang='lat' dir='ltr'>habeas</span> <span class='ocrx_word' id='word_1_54' title='bbox 1108 539 1196 578; x_wconf 90' lang='lat' dir='ltr'>por-</span> 
     </span>
     <span class='ocr_line' id='line_1_10' title="bbox 244 581 1196 621; baseline -0.003 -1"><span class='ocrx_word' id='word_1_55' title='bbox 244 582 436 621; x_wconf 87' lang='lat' dir='ltr'>tisculum.</span> <span class='ocrx_word' id='word_1_56' title='bbox 1148 581 1196 618; x_wconf 88' lang='grc'>15</span> 
     </span>
    </p>

    <p class='ocr_par' dir='ltr' id='par_1_7' title="bbox 84 633 1170 687">
     <span class='ocr_line' id='line_1_11' title="bbox 84 633 1170 687; baseline 0 -15"><span class='ocrx_word' id='word_1_57' title='bbox 84 635 206 683; x_wconf 88' lang='lat' dir='ltr'>Quin,</span> <span class='ocrx_word' id='word_1_58' title='bbox 229 635 332 687; x_wconf 92' lang='lat' dir='ltr'>(pol)</span> <span class='ocrx_word' id='word_1_59' title='bbox 352 636 384 673; x_wconf 89' lang='lat' dir='ltr'>si</span> <span class='ocrx_word' id='word_1_60' title='bbox 402 635 565 687; x_wconf 80' lang='lat' dir='ltr'>reposivi</span> <span class='ocrx_word' id='word_1_61' title='bbox 582 647 746 683; x_wconf 89' lang='lat' dir='ltr'>remum,</span> <span class='ocrx_word' id='word_1_62' title='bbox 767 635 846 674; x_wconf 88' lang='lat' dir='ltr'>sola</span> <span class='ocrx_word' id='word_1_63' title='bbox 864 648 934 687; x_wconf 91' lang='lat' dir='ltr'>ego</span> <span class='ocrx_word' id='word_1_64' title='bbox 952 635 991 673; x_wconf 91' lang='lat' dir='ltr'>in</span> <span class='ocrx_word' id='word_1_65' title='bbox 1013 633 1170 673; x_wconf 84' lang='lat' dir='ltr'>casteria</span> 
     </span>
    </p>

    <p class='ocr_par' dir='ltr' id='par_1_8' title="bbox 86 688 1080 740">
     <span class='ocr_line' id='line_1_12' title="bbox 86 688 1080 740; baseline 0 -14"><span class='ocrx_word' id='word_1_66' title='bbox 86 689 164 726; x_wconf 91' lang='lat' dir='ltr'>Ubi</span> <span class='ocrx_word' id='word_1_67' title='bbox 183 690 347 740; x_wconf 84' lang='lat' dir='ltr'>quiesco,</span> <span class='ocrx_word' id='word_1_68' title='bbox 363 689 487 726; x_wconf 90' lang='lat' dir='ltr'>omnis</span> <span class='ocrx_word' id='word_1_69' title='bbox 505 688 661 726; x_wconf 84' lang='lat' dir='ltr'>famih‘ae</span> <span class='ocrx_word' id='word_1_70' title='bbox 679 702 791 728; x_wconf 88' lang='lat' dir='ltr'>causa</span> <span class='ocrx_word' id='word_1_71' title='bbox 809 689 978 727; x_wconf 81' lang='lat' dir='ltr'>consistit</span> <span class='ocrx_word' id='word_1_72' title='bbox 996 689 1080 727; x_wconf 87' lang='lat' dir='ltr'>tibi.</span> 
     </span>
    </p>

    <p class='ocr_par' dir='ltr' id='par_1_9' title="bbox 87 741 1198 834">
     <span class='ocr_line' id='line_1_13' title="bbox 87 741 1198 793; baseline -0.003 -12"><span class='ocrx_word' id='word_1_73' title='bbox 87 744 221 782; x_wconf 76' lang='lat' dir='ltr'>Cleaer.</span> <span class='ocrx_word' id='word_1_74' title='bbox 255 742 363 790; x_wconf 88' lang='lat' dir='ltr'><strong>Quid</strong></span> <span class='ocrx_word' id='word_1_75' title='bbox 380 743 434 780; x_wconf 89' lang='lat' dir='ltr'>ais</span> <span class='ocrx_word' id='word_1_76' title='bbox 453 750 507 786; x_wconf 89' lang='lat' dir='ltr'>tu,</span> <span class='ocrx_word' id='word_1_77' title='bbox 530 755 649 793; x_wconf 90' lang='lat' dir='ltr'>quam</span> <span class='ocrx_word' id='word_1_78' title='bbox 667 755 737 793; x_wconf 85' lang='lat' dir='ltr'>ego</span> <span class='ocrx_word' id='word_1_79' title='bbox 763 755 882 781; x_wconf 91' lang='lat' dir='ltr'>unam</span> <span class='ocrx_word' id='word_1_80' title='bbox 901 742 978 781; x_wconf 87' lang='lat' dir='ltr'>vidi</span> <span class='ocrx_word' id='word_1_81' title='bbox 996 741 1198 780; x_wconf 88' lang='lat' dir='ltr'>mulierem</span> 
     </span>
     <span class='ocr_line' id='line_1_14' title="bbox 244 796 580 834; baseline 0 -1"><span class='ocrx_word' id='word_1_82' title='bbox 244 796 549 834; x_wconf 87' lang='lat' dir='ltr'>audacissumam</span> <span class='ocrx_word' id='word_1_83' title='bbox 563 798 580 833; x_wconf 71' lang='grc' dir='ltr'><em>Ρ</em></span> 
     </span>
    </p>

    <p class='ocr_par' dir='ltr' id='par_1_10' title="bbox 86 848 1117 901">
     <span class='ocr_line' id='line_1_15' title="bbox 86 848 1117 901; baseline -0.001 -14"><span class='ocrx_word' id='word_1_84' title='bbox 86 849 247 897; x_wconf 85' lang='lat' dir='ltr'><strong>Quoties</strong></span> <span class='ocrx_word' id='word_1_85' title='bbox 265 857 302 887; x_wconf 92' lang='lat' dir='ltr'>te</span> <span class='ocrx_word' id='word_1_86' title='bbox 320 849 423 887; x_wconf 90' lang='lat' dir='ltr'>vetui</span> <span class='ocrx_word' id='word_1_87' title='bbox 440 848 724 901; x_wconf 84' lang='lat' dir='ltr'>Argyrippum,</span> <span class='ocrx_word' id='word_1_88' title='bbox 743 849 867 888; x_wconf 85' lang='lat' dir='ltr'>filium</span> <span class='ocrx_word' id='word_1_89' title='bbox 887 849 1117 896; x_wconf 75' lang='lat' dir='ltr'>Demaeneti,</span> 
     </span>
    </p>

    <p class='ocr_par' dir='ltr' id='par_1_11' title="bbox 88 902 1171 955">
     <span class='ocr_line' id='line_1_16' title="bbox 88 902 1171 955; baseline 0 -15"><span class='ocrx_word' id='word_1_90' title='bbox 88 903 327 954; x_wconf 77' lang='lat' dir='ltr'>Compellare</span> <span class='ocrx_word' id='word_1_91' title='bbox 346 910 412 941; x_wconf 87' lang='lat' dir='ltr'>aut</span> <span class='ocrx_word' id='word_1_92' title='bbox 435 911 676 951; x_wconf 88' lang='lat' dir='ltr'>contrectare,</span> <span class='ocrx_word' id='word_1_93' title='bbox 696 903 907 955; x_wconf 87' lang='lat' dir='ltr'>colloquive</span> <span class='ocrx_word' id='word_1_94' title='bbox 926 912 994 941; x_wconf 91' lang='lat' dir='ltr'>aut</span> <span class='ocrx_word' id='word_1_95' title='bbox 1012 902 1140 942; x_wconf 91' lang='lat' dir='ltr'>contui</span> <span class='ocrx_word' id='word_1_96' title='bbox 1153 905 1171 940; x_wconf 82' lang='lat'>?</span> 
     </span>
    </p>

    <p class='ocr_par' dir='ltr' id='par_1_12' title="bbox 86 955 1199 1047">
     <span class='ocr_line' id='line_1_17' title="bbox 86 955 1199 1008; baseline 0 -15"><span class='ocrx_word' id='word_1_97' title='bbox 86 955 194 1003; x_wconf 89' lang='lat' dir='ltr'>Quid</span> <span class='ocrx_word' id='word_1_98' title='bbox 218 956 355 995; x_wconf 87' lang='lat' dir='ltr'>dedit?</span> <span class='ocrx_word' id='word_1_99' title='bbox 385 956 479 1008; x_wconf 89' lang='lat' dir='ltr'>quid</span> <span class='ocrx_word' id='word_1_100' title='bbox 502 956 691 1008; x_wconf 88' lang='lat' dir='ltr'>deportari</span> <span class='ocrx_word' id='word_1_101' title='bbox 712 957 828 1007; x_wconf 87' lang='lat' dir='ltr'>jussit</span> <span class='ocrx_word' id='word_1_102' title='bbox 852 958 901 996; x_wconf 90' lang='lat' dir='ltr'>ad</span> <span class='ocrx_word' id='word_1_103' title='bbox 927 959 1030 997; x_wconf 82' lang='lat' dir='ltr'>nos?</span> <span class='ocrx_word' id='word_1_104' title='bbox 1059 960 1128 995; x_wconf 87' lang='lat' dir='ltr'>An</span> <span class='ocrx_word' id='word_1_105' title='bbox 1156 964 1199 993; x_wconf 92' lang='lat' dir='ltr'>tu</span> 
     </span>
     <span class='ocr_line' id='line_1_18' title="bbox 247 1010 1192 1047; baseline -0.001 0"><span class='ocrx_word' id='word_1_106' title='bbox 247 1010 316 1047; x_wconf 88' lang='lat' dir='ltr'>tibi</span> <span class='ocrx_word' id='word_1_107' title='bbox 1143 1010 1192 1047; x_wconf 83' lang='lat'>21</span> 
     </span>
    </p>

    <p class='ocr_par' dir='ltr' id='par_1_13' title="bbox 87 1063 1200 1154">
     <span class='ocr_line' id='line_1_19' title="bbox 87 1063 1200 1115; baseline 0 -15"><span class='ocrx_word' id='word_1_108' title='bbox 87 1063 217 1101; x_wconf 90' lang='lat' dir='ltr'>Verba</span> <span class='ocrx_word' id='word_1_109' title='bbox 246 1063 388 1101; x_wconf 83' lang='lat' dir='ltr'>blanda</span> <span class='ocrx_word' id='word_1_110' title='bbox 424 1075 503 1101; x_wconf 84' lang='lat' dir='ltr'>esse</span> <span class='ocrx_word' id='word_1_111' title='bbox 537 1076 676 1102; x_wconf 89' lang='lat' dir='ltr'>aurum</span> <span class='ocrx_word' id='word_1_112' title='bbox 712 1066 824 1102; x_wconf 83' lang='lat' dir='ltr'>rere?</span> <span class='ocrx_word' id='word_1_113' title='bbox 863 1064 963 1103; x_wconf 74' lang='lat' dir='ltr'>dicta</span> <span class='ocrx_word' id='word_1_114' title='bbox 992 1063 1103 1102; x_wconf 91' lang='lat' dir='ltr'>docta</span> <span class='ocrx_word' id='word_1_115' title='bbox 1130 1076 1200 1115; x_wconf 84' lang='lat' dir='ltr'>pro</span> 
     </span>
     <span class='ocr_line' id='line_1_20' title="bbox 248 1116 380 1154; baseline 0.008 -1"><span class='ocrx_word' id='word_1_116' title='bbox 248 1116 345 1154; x_wconf 87' lang='lat' dir='ltr'>datis</span> <span class='ocrx_word' id='word_1_117' title='bbox 362 1118 380 1154; x_wconf 72' lang='grc' dir='ltr'><em>Ρ</em></span> 
     </span>
    </p>

    <p class='ocr_par' dir='ltr' id='par_1_14' title="bbox 88 1169 1201 1220">
     <span class='ocr_line' id='line_1_21' title="bbox 88 1169 1201 1220; baseline 0.001 -13"><span class='ocrx_word' id='word_1_118' title='bbox 88 1169 202 1208; x_wconf 90' lang='lat' dir='ltr'>Ultro</span> <span class='ocrx_word' id='word_1_119' title='bbox 220 1181 340 1215; x_wconf 88' lang='lat' dir='ltr'>amas,</span> <span class='ocrx_word' id='word_1_120' title='bbox 359 1169 461 1207; x_wconf 84' lang='lat' dir='ltr'>ultro</span> <span class='ocrx_word' id='word_1_121' title='bbox 479 1169 695 1220; x_wconf 78' lang='lat' dir='ltr'>expetessis,</span> <span class='ocrx_word' id='word_1_122' title='bbox 708 1170 808 1207; x_wconf 87' lang='lat' dir='ltr'>ultro</span> <span class='ocrx_word' id='word_1_123' title='bbox 820 1170 869 1207; x_wconf 92' lang='lat' dir='ltr'>ad</span> <span class='ocrx_word' id='word_1_124' title='bbox 880 1177 916 1207; x_wconf 89' lang='lat' dir='ltr'>te</span> <span class='ocrx_word' id='word_1_125' title='bbox 928 1169 1063 1208; x_wconf 57' lang='lat' dir='ltr'>arcessi</span> <span class='ocrx_word' id='word_1_126' title='bbox 1077 1170 1201 1218; x_wconf 54' lang='lat' dir='ltr'>jubes.</span> 
     </span>
    </p>

    <p class='ocr_par' dir='ltr' id='par_1_15' title="bbox 88 1222 1155 1274">
     <span class='ocr_line' id='line_1_22' title="bbox 88 1222 1155 1274; baseline 0 -14"><span class='ocrx_word' id='word_1_127' title='bbox 88 1222 184 1260; x_wconf 91' lang='lat' dir='ltr'>Illos</span> <span class='ocrx_word' id='word_1_128' title='bbox 202 1222 269 1274; x_wconf 91' lang='lat' dir='ltr'>qui</span> <span class='ocrx_word' id='word_1_129' title='bbox 287 1222 393 1270; x_wconf 83' lang='lat' dir='ltr'>dant,</span> <span class='ocrx_word' id='word_1_130' title='bbox 409 1235 472 1261; x_wconf 86' lang='lat' dir='ltr'>eos</span> <span class='ocrx_word' id='word_1_131' title='bbox 490 1222 659 1261; x_wconf 76' lang='lat' dir='ltr'>derides:</span> <span class='ocrx_word' id='word_1_132' title='bbox 691 1223 758 1274; x_wconf 91' lang='lat' dir='ltr'>qui</span> <span class='ocrx_word' id='word_1_133' title='bbox 777 1223 977 1269; x_wconf 87' lang='lat' dir='ltr'>deludunt,</span> <span class='ocrx_word' id='word_1_134' title='bbox 997 1222 1155 1274; x_wconf 88' lang='lat' dir='ltr'>deperis.</span> 
     </span>
    </p>

    <p class='ocr_par' dir='ltr' id='par_1_16' title="bbox 89 1275 1154 1328">
     <span class='ocr_line' id='line_1_23' title="bbox 89 1275 1154 1328; baseline 0.001 -15"><span class='ocrx_word' id='word_1_135' title='bbox 89 1277 155 1314; x_wconf 91' lang='lat' dir='ltr'>An</span> <span class='ocrx_word' id='word_1_136' title='bbox 174 1283 210 1314; x_wconf 94' lang='lat' dir='ltr'>te</span> <span class='ocrx_word' id='word_1_137' title='bbox 227 1275 268 1313; x_wconf 85' lang='lat' dir='ltr'>id</span> <span class='ocrx_word' id='word_1_138' title='bbox 286 1284 502 1327; x_wconf 80' lang='lat' dir='ltr'>exspectare</span> <span class='ocrx_word' id='word_1_139' title='bbox 520 1283 678 1327; x_wconf 87' lang='lat' dir='ltr'>oportet,</span> <span class='ocrx_word' id='word_1_140' title='bbox 701 1276 731 1314; x_wconf 93' lang='lat' dir='ltr'>si</span> <span class='ocrx_word' id='word_1_141' title='bbox 750 1276 835 1328; x_wconf 91' lang='lat' dir='ltr'>quis</span> <span class='ocrx_word' id='word_1_142' title='bbox 854 1276 1052 1328; x_wconf 83' lang='lat' dir='ltr'>promittat</span> <span class='ocrx_word' id='word_1_143' title='bbox 1071 1276 1154 1324; x_wconf 89' lang='lat' dir='ltr'>tibi,</span> 
     </span>
    </p>

    <p class='ocr_par' dir='ltr' id='par_1_17' title="bbox 88 1329 1203 1375">
     <span class='ocr_line' id='line_1_24' title="bbox 88 1329 1203 1375; baseline -0.001 -7"><span class='ocrx_word' id='word_1_144' title='bbox 88 1330 148 1368; x_wconf 93' lang='lat' dir='ltr'>Te</span> <span class='ocrx_word' id='word_1_145' title='bbox 164 1329 354 1368; x_wconf 85' lang='lat' dir='ltr'>facturum</span> <span class='ocrx_word' id='word_1_146' title='bbox 374 1329 544 1375; x_wconf 83' lang='lat' dir='ltr'>divitem,</span> <span class='ocrx_word' id='word_1_147' title='bbox 566 1329 597 1367; x_wconf 92' lang='lat' dir='ltr'>si</span> <span class='ocrx_word' id='word_1_148' title='bbox 614 1329 799 1367; x_wconf 86' lang='lat' dir='ltr'>moriatur</span> <span class='ocrx_word' id='word_1_149' title='bbox 817 1337 938 1368; x_wconf 88' lang='lat' dir='ltr'>mater</span> <span class='ocrx_word' id='word_1_150' title='bbox 956 1331 1056 1368; x_wconf 82' lang='lat' dir='ltr'>sua?</span> <span class='ocrx_word' id='word_1_151' title='bbox 1149 1329 1203 1367; x_wconf 82' lang='lat'>26</span> 
     </span>
    </p>

    <p class='ocr_par' dir='ltr' id='par_1_18' title="bbox 88 1382 1094 1435">
     <span class='ocr_line' id='line_1_25' title="bbox 88 1382 1094 1435; baseline -0.001 -14"><span class='ocrx_word' id='word_1_152' title='bbox 88 1383 259 1429; x_wconf 82' lang='lat' dir='ltr'>Ecastor,</span> <span class='ocrx_word' id='word_1_153' title='bbox 279 1382 388 1420; x_wconf 90' lang='lat' dir='ltr'>nobis</span> <span class='ocrx_word' id='word_1_154' title='bbox 407 1383 591 1434; x_wconf 87' lang='lat' dir='ltr'>periclum</span> <span class='ocrx_word' id='word_1_155' title='bbox 610 1390 645 1420; x_wconf 92' lang='lat' dir='ltr'>et</span> <span class='ocrx_word' id='word_1_156' title='bbox 663 1383 819 1422; x_wconf 88' lang='lat' dir='ltr'>familiae</span> <span class='ocrx_word' id='word_1_157' title='bbox 845 1382 1094 1435; x_wconf 87' lang='lat' dir='ltr'>portenditur,</span> 
     </span>
    </p>

    <p class='ocr_par' dir='ltr' id='par_1_19' title="bbox 87 1437 1202 1528">
     <span class='ocr_line' id='line_1_26' title="bbox 87 1437 1202 1487; baseline 0 -13"><span class='ocrx_word' id='word_1_158' title='bbox 87 1437 198 1475; x_wconf 88' lang='lat' dir='ltr'>Dum</span> <span class='ocrx_word' id='word_1_159' title='bbox 227 1437 308 1485; x_wconf 91' lang='lat' dir='ltr'>ejus</span> <span class='ocrx_word' id='word_1_160' title='bbox 333 1444 596 1487; x_wconf 83' lang='lat' dir='ltr'>exspectamus</span> <span class='ocrx_word' id='word_1_161' title='bbox 620 1444 797 1484; x_wconf 88' lang='lat' dir='ltr'>mortem,</span> <span class='ocrx_word' id='word_1_162' title='bbox 827 1450 876 1475; x_wconf 92' lang='lat' dir='ltr'>ne</span> <span class='ocrx_word' id='word_1_163' title='bbox 903 1450 971 1475; x_wconf 91' lang='lat' dir='ltr'>nos</span> <span class='ocrx_word' id='word_1_164' title='bbox 993 1437 1202 1475; x_wconf 84' lang='lat' dir='ltr'>moriamur</span> 
     </span>
     <span class='ocr_line' id='line_1_27' title="bbox 246 1489 361 1528; baseline 0.017 -2"><span class='ocrx_word' id='word_1_165' title='bbox 246 1489 361 1528; x_wconf 85' lang='lat' dir='ltr'>fame.</span> 
     </span>
    </p>

    <p class='ocr_par' dir='ltr' id='par_1_20' title="bbox 91 1542 1202 1595">
     <span class='ocr_line' id='line_1_28' title="bbox 91 1542 1202 1595; baseline -0.001 -13"><span class='ocrx_word' id='word_1_166' title='bbox 91 1545 209 1582; x_wconf 85' lang='lat' dir='ltr'>Nunc</span> <span class='ocrx_word' id='word_1_167' title='bbox 227 1542 334 1591; x_wconf 86' lang='lat' dir='ltr'>adeo,</span> <span class='ocrx_word' id='word_1_168' title='bbox 348 1543 420 1582; x_wconf 88' lang='lat' dir='ltr'>nisi</span> <span class='ocrx_word' id='word_1_169' title='bbox 431 1543 527 1581; x_wconf 90' lang='lat' dir='ltr'>mihi</span> <span class='ocrx_word' id='word_1_170' title='bbox 545 1544 621 1581; x_wconf 91' lang='lat' dir='ltr'>huc</span> <span class='ocrx_word' id='word_1_171' title='bbox 635 1544 779 1595; x_wconf 87' lang='lat' dir='ltr'>argenti</span> <span class='ocrx_word' id='word_1_172' title='bbox 791 1544 898 1583; x_wconf 86' lang='lat' dir='ltr'>affert</span> <span class='ocrx_word' id='word_1_173' title='bbox 916 1544 1051 1594; x_wconf 84' lang='lat' dir='ltr'>viginti</span> <span class='ocrx_word' id='word_1_174' title='bbox 1065 1543 1202 1591; x_wconf 91' lang='lat' dir='ltr'>minas,</span> 
     </span>
    </p>

    <p class='ocr_par' dir='ltr' id='par_1_21' title="bbox 91 1596 1204 1689">
     <span class='ocr_line' id='line_1_29' title="bbox 91 1596 1204 1649; baseline -0.002 -13"><span class='ocrx_word' id='word_1_175' title='bbox 91 1598 166 1636; x_wconf 81' lang='lat' dir='ltr'>Nae</span> <span class='ocrx_word' id='word_1_176' title='bbox 191 1597 256 1634; x_wconf 85' lang='lat' dir='ltr'>ille</span> <span class='ocrx_word' id='word_1_177' title='bbox 283 1596 462 1647; x_wconf 83' lang='lat' dir='ltr'>(ecastor)</span> <span class='ocrx_word' id='word_1_178' title='bbox 487 1597 578 1635; x_wconf 90' lang='lat' dir='ltr'>hinc</span> <span class='ocrx_word' id='word_1_179' title='bbox 600 1598 772 1636; x_wconf 88' lang='lat' dir='ltr'>trudetur</span> <span class='ocrx_word' id='word_1_180' title='bbox 794 1598 923 1649; x_wconf 85' lang='lat' dir='ltr'>largus</span> <span class='ocrx_word' id='word_1_181' title='bbox 947 1598 1204 1648; x_wconf 85' lang='lat' dir='ltr'>lacrymarum</span> 
     </span>
     <span class='ocr_line' id='line_1_30' title="bbox 248 1650 1203 1689; baseline 0.002 -2"><span class='ocrx_word' id='word_1_182' title='bbox 248 1650 359 1688; x_wconf 87' lang='lat' dir='ltr'>foras.</span> <span class='ocrx_word' id='word_1_183' title='bbox 1150 1653 1203 1689; x_wconf 84' lang='lat'>30</span> 
     </span>
    </p>

    <p class='ocr_par' dir='ltr' id='par_1_22' title="bbox 91 1702 1086 1756">
     <span class='ocr_line' id='line_1_31' title="bbox 91 1702 1086 1756; baseline -0.001 -14"><span class='ocrx_word' id='word_1_184' title='bbox 91 1704 169 1742; x_wconf 87' lang='lat' dir='ltr'>Hic</span> <span class='ocrx_word' id='word_1_185' title='bbox 185 1703 266 1741; x_wconf 66' lang='lat' dir='ltr'>dioe</span> <span class='ocrx_word' id='word_1_186' title='bbox 285 1717 437 1742; x_wconf 89' lang='lat' dir='ltr'>summa</span> <span class='ocrx_word' id='word_1_187' title='bbox 456 1704 503 1742; x_wconf 88' lang='lat' dir='ltr'>&#39;st</span> <span class='ocrx_word' id='word_1_188' title='bbox 521 1702 626 1754; x_wconf 90' lang='lat' dir='ltr'>apud</span> <span class='ocrx_word' id='word_1_189' title='bbox 644 1716 706 1742; x_wconf 91' lang='lat' dir='ltr'>me</span> <span class='ocrx_word' id='word_1_190' title='bbox 724 1704 864 1756; x_wconf 87' lang='lat' dir='ltr'>inopiae</span> <span class='ocrx_word' id='word_1_191' title='bbox 883 1705 1086 1743; x_wconf 86' lang='lat' dir='ltr'>excusatio.</span> 
     </span>
    </p>

    <p class='ocr_par' dir='ltr' id='par_1_23' title="bbox 93 1757 1208 1808">
     <span class='ocr_line' id='line_1_32' title="bbox 93 1757 1208 1808; baseline 0 -12"><span class='ocrx_word' id='word_1_192' title='bbox 93 1758 247 1796; x_wconf 76' lang='lat' dir='ltr'>Philen.</span> <span class='ocrx_word' id='word_1_193' title='bbox 270 1757 413 1804; x_wconf 86' lang='lat' dir='ltr'>Patiar,</span> <span class='ocrx_word' id='word_1_194' title='bbox 434 1757 465 1794; x_wconf 89' lang='lat' dir='ltr'>si</span> <span class='ocrx_word' id='word_1_195' title='bbox 483 1758 566 1795; x_wconf 89' lang='lat' dir='ltr'>cibo</span> <span class='ocrx_word' id='word_1_196' title='bbox 585 1770 707 1795; x_wconf 87' lang='lat' dir='ltr'>carere</span> <span class='ocrx_word' id='word_1_197' title='bbox 726 1770 787 1796; x_wconf 88' lang='lat' dir='ltr'>me</span> <span class='ocrx_word' id='word_1_198' title='bbox 802 1760 952 1808; x_wconf 81' lang='lat' dir='ltr'>jubeas,</span> <span class='ocrx_word' id='word_1_199' title='bbox 969 1767 1090 1796; x_wconf 85' lang='lat' dir='ltr'>mater</span> <span class='ocrx_word' id='word_1_200' title='bbox 1108 1771 1208 1796; x_wconf 86' lang='lat' dir='ltr'>mea.</span> 
     </span>
    </p>

    <p class='ocr_par' dir='ltr' id='par_1_24' title="bbox 95 1809 1207 1863">
     <span class='ocr_line' id='line_1_33' title="bbox 95 1809 1207 1863; baseline 0 -14"><span class='ocrx_word' id='word_1_201' title='bbox 95 1812 233 1850; x_wconf 82' lang='lat' dir='ltr'>Cleaer.</span> <span class='ocrx_word' id='word_1_202' title='bbox 263 1809 352 1848; x_wconf 88' lang='lat' dir='ltr'>Non</span> <span class='ocrx_word' id='word_1_203' title='bbox 372 1817 457 1848; x_wconf 88' lang='lat' dir='ltr'>veto</span> <span class='ocrx_word' id='word_1_204' title='bbox 474 1811 537 1848; x_wconf 87' lang='lat' dir='ltr'>ted</span> <span class='ocrx_word' id='word_1_205' title='bbox 556 1823 699 1859; x_wconf 89' lang='lat' dir='ltr'>amare,</span> <span class='ocrx_word' id='word_1_206' title='bbox 720 1811 787 1862; x_wconf 92' lang='lat' dir='ltr'>qui</span> <span class='ocrx_word' id='word_1_207' title='bbox 810 1812 917 1859; x_wconf 84' lang='lat' dir='ltr'>dant,</span> <span class='ocrx_word' id='word_1_208' title='bbox 938 1810 1014 1863; x_wconf 71' lang='lat' dir='ltr'>qua</span> <span class='ocrx_word' id='word_1_209' title='bbox 1031 1820 1207 1850; x_wconf 87' lang='lat' dir='ltr'>amentur</span> 
     </span>
    </p>

    <p class='ocr_par' dir='ltr' id='par_1_25' title="bbox 297 1863 386 1902">
     <span class='ocr_line' id='line_1_34' title="bbox 297 1863 386 1902; baseline -0.011 0"><span class='ocrx_word' id='word_1_210' title='bbox 297 1863 386 1902; x_wconf 71' lang='lat' dir='ltr'>atia.</span> 
     </span>
    </p>

    <p class='ocr_par' dir='ltr' id='par_1_26' title="bbox 93 1877 1204 1969">
     <span class='ocr_line' id='line_1_35' title="bbox 93 1877 1204 1969; baseline 0 -13"><span class='ocrx_word' id='word_1_211' title='bbox 93 1877 400 1964; x_wconf 63' lang='lat' dir='ltr'>PhilemgrQuid</span> <span class='ocrx_word' id='word_1_212' title='bbox 427 1917 458 1955; x_wconf 90' lang='lat' dir='ltr'>si</span> <span class='ocrx_word' id='word_1_213' title='bbox 481 1918 544 1956; x_wconf 91' lang='lat' dir='ltr'>hic</span> <span class='ocrx_word' id='word_1_214' title='bbox 571 1918 724 1956; x_wconf 89' lang='lat' dir='ltr'>animus</span> <span class='ocrx_word' id='word_1_215' title='bbox 758 1917 1008 1969; x_wconf 80' lang='lat' dir='ltr'>occupatu’st,</span> <span class='ocrx_word' id='word_1_216' title='bbox 1048 1927 1170 1958; x_wconf 88' lang='lat' dir='ltr'>mater</span> <span class='ocrx_word' id='word_1_217' title='bbox 1186 1920 1204 1956; x_wconf 86' lang='lat'>?</span> 
     </span>
    </p>

    <p class='ocr_par' dir='ltr' id='par_1_27' title="bbox 253 1970 992 2065">
     <span class='ocr_line' id='line_1_36' title="bbox 253 1970 686 2022; baseline 0.005 -14"><span class='ocrx_word' id='word_1_218' title='bbox 253 1970 346 2022; x_wconf 89' lang='lat' dir='ltr'>quid</span> <span class='ocrx_word' id='word_1_219' title='bbox 364 1970 532 2010; x_wconf 80' lang='lat' dir='ltr'>faciam?</span> <span class='ocrx_word' id='word_1_220' title='bbox 561 1984 686 2010; x_wconf 89' lang='lat' dir='ltr'>mone.</span> 
     </span>
     <span class='ocr_line' id='line_1_37' title="bbox 695 2026 992 2065; baseline -0.003 0"><span class='ocrx_word' id='word_1_221' title='bbox 695 2026 829 2065; x_wconf 78' lang='lat' dir='ltr'>Cleaer.</span> <span class='ocrx_word' id='word_1_222' title='bbox 860 2026 965 2064; x_wconf 90' lang='lat' dir='ltr'>Hem</span> <span class='ocrx_word' id='word_1_223' title='bbox 982 2026 992 2064; x_wconf 88' lang='lat'>!</span> 
     </span>
    </p>

    <p class='ocr_par' dir='ltr' id='par_1_28' title="bbox 99 2078 1212 2131">
     <span class='ocr_line' id='line_1_38' title="bbox 99 2078 1212 2131; baseline -0.001 -14"><span class='ocrx_word' id='word_1_224' title='bbox 99 2078 238 2117; x_wconf 82' lang='lat' dir='ltr'>Meum</span> <span class='ocrx_word' id='word_1_225' title='bbox 266 2085 380 2129; x_wconf 86' lang='lat' dir='ltr'>caput</span> <span class='ocrx_word' id='word_1_226' title='bbox 403 2078 647 2130; x_wconf 87' lang='lat' dir='ltr'>contemples,</span> <span class='ocrx_word' id='word_1_227' title='bbox 672 2078 860 2131; x_wconf 76' lang='lat' dir='ltr'>siquidem</span> <span class='ocrx_word' id='word_1_228' title='bbox 881 2093 927 2118; x_wconf 87' lang='lat' dir='ltr'>ex</span> <span class='ocrx_word' id='word_1_229' title='bbox 956 2093 996 2118; x_wconf 90' lang='lat' dir='ltr'>re</span> <span class='ocrx_word' id='word_1_230' title='bbox 1022 2079 1212 2119; x_wconf 83' lang='lat' dir='ltr'>consultas</span> 
     </span>
    </p>

    <p class='ocr_par' dir='ltr' id='par_1_29' title="bbox 259 2132 1210 2169">
     <span class='ocr_line' id='line_1_39' title="bbox 259 2132 1210 2169; baseline 0 0"><span class='ocrx_word' id='word_1_231' title='bbox 259 2132 337 2169; x_wconf 66' lang='lat' dir='ltr'>tua.</span> <span class='ocrx_word' id='word_1_232' title='bbox 1157 2133 1210 2169; x_wconf 86' lang='lat'>35</span> 
     </span>
    </p>
   </div>
  </div>
 </body>
</html>
