1412 2427
173 38 223 80 72
509 33 803 74 ASINARIA.
833 34 867 72 Ι.
901 35 933 72 l.

168 143 305 180 Liban.
333 141 362 180 J
365 144 478 181 ubeas
495 141 571 180 una
588 141 700 192 opera
718 154 779 179 me
796 140 932 191 piscari
949 140 988 178 in
1007 139 1106 187 aere,
1215 140 1266 176 85

167 195 310 232 Venari
327 203 454 233 autem
472 204 549 233 rete
563 195 689 244 jaculo
705 194 744 231 in
762 194 887 231 medio
904 194 1012 231 mari.

170 250 346 286 Demoen.
377 249 467 286 Tibi
485 249 673 299 optionem
695 247 833 285 sumito
853 246 1078 284 Leonidam.

168 302 364 339 Fabricare
382 301 554 352 quidvis;
577 301 725 351 quidvis
743 300 1034 337 comminiscere.

169 355 356 398 Perficito,
377 363 574 404 argentum
595 353 706 390 hodie
724 361 767 390 ut
784 352 920 390 habeat
937 353 1054 401 filius,

166 407 312 445 Amicae
329 408 430 458 quod
449 408 523 444 det.

501 461 639 498 Liban.
666 459 772 506 Quid
789 458 843 496 ais
860 466 917 504 tu,
933 458 1184 497 Demaenete?
1214 460 1268 498 90

165 512 271 560 Quid
291 514 322 551 si
337 514 430 552 forte
448 513 488 551 in
507 513 660 551 insidias
686 513 866 550 devenero
878 512 895 547 ’ἒ

165 567 230 604 Tu
248 567 406 604 redimes
423 579 498 613 me,
521 568 550 604 si
569 579 630 604 me
647 565 772 603 hostes
789 564 1053 615 interceperint
1071 566 1088 602 ?

165 622 336 657 Demoen.
368 620 582 657 Redimam.

325 674 462 710 Liban.
481 673 586 710 Tum
606 680 647 709 tu
666 672 782 722 igitur
802 671 906 708 aliud
925 684 1014 709 cura
1033 670 1125 722 quid
1144 670 1263 709 lubet.

164 727 330 764 Demoen.
364 727 450 776 Ego
470 738 512 763 eo
530 726 578 762 ad
596 725 735 770 forum,
757 724 828 762 nisi
847 725 939 774 quid
958 724 1025 761 vis.

632 780 770 816 Liban.
801 778 846 814 1:
877 777 1039 815 etiamne
1057 777 1230 815 ambulas
1245 777 1264 813 ⁰?

165 835 334 871 Demoen.
367 833 496 884 Atque
515 830 657 870 audi¹n'
679 832 791 869 etiam
806 832 823 867 ?

380 888 516 923 Liban.
546 887 658 924 Ecce.

496 942 668 977 Dcman.
697 938 737 977 Si
757 937 849 989 quid
866 944 903 974 te
921 937 1061 984 volam,
1081 936 1146 974 ubi
1164 936 1234 974 eris
1247 939 1265 975 ?

163 994 301 1030 Liban.
329 992 573 1043 Ubicumque
590 992 756 1029 lubitum
776 991 889 1027 fuerit
907 990 1033 1027 animo
1047 1002 1144 1027 meo.
1214 990 1267 1027 96

163 1045 336 1083 Profecto
355 1058 466 1083 nemo
485 1046 545 1091 ’st,
565 1057 679 1095 quem
695 1046 776 1092 jam
795 1043 931 1080 dehinc
952 1050 1134 1091 metuam,
1154 1042 1250 1079 mihi

162 1098 226 1136 Ne
244 1098 337 1148 quid
357 1111 487 1136 nocere
504 1098 647 1148 possit;
677 1109 794 1148 quom
812 1095 908 1132 mihi
927 1093 993 1132 tua

163 1150 346 1189 Oratione
360 1163 513 1190 ornnem
532 1151 704 1188 animum
723 1148 919 1187 ostendisti
938 1156 1062 1187 tuum.

162 1203 270 1251 Quin
302 1211 338 1242 te
371 1217 522 1256 quoque
547 1204 675 1254 ipsum
705 1202 801 1241 facio
832 1201 937 1238 haud
966 1202 1110 1253 magni,
1141 1203 1172 1241 si
1196 1201 1268 1240 hoc

320 1265 440 1308 patro.
1192 1255 1267 1293 100

162 1310 326 1361 Pergam
345 1323 421 1362 quo
438 1310 577 1362 occepi,
597 1318 710 1362 atque
729 1310 782 1348 ibi
801 1308 954 1347 consilia
972 1308 1156 1346 exordiar.

162 1365 334 1402 Demaen.
361 1363 520 1402 Audi'n’
541 1364 611 1402 tu?
640 1363 744 1414 apud
764 1361 1019 1400 Archibulum
1038 1374 1107 1411 ego
1125 1373 1188 1399 ero
1206 1373 1268 1398 ar-

321 1417 547 1468 gentarium.

164 1470 303 1507 Liban.
336 1471 489 1519 Nempe
507 1470 547 1506 in
565 1469 673 1508 foro?

427 1524 598 1561 Demaen.
631 1522 716 1560 Ibi:
747 1521 778 1559 si
797 1521 890 1573 quid
908 1533 1003 1571 opus
1021 1520 1148 1559 fuerit.

870 1576 1010 1612 Liban.
1038 1573 1266 1612 Meminero.

162 1631 335 1666 Demaen.
366 1628 457 1666 Non
472 1642 549 1667 esse
567 1642 694 1668 servus
707 1629 812 1679 pejor
825 1628 896 1665 hoc
911 1628 1112 1678 quisquam
1130 1633 1267 1678 potest,

163 1683 204 1719 Ν
207 1694 247 1719 ec
266 1681 387 1731 magis
406 1690 589 1729 versutus,
610 1695 678 1720 nec
696 1695 772 1732 quo
791 1683 838 1719 ab
853 1693 981 1719 caveas
1000 1680 1149 1731 aegrius.
1193 1681 1267 1718 105

162 1734 301 1772 Eidem
318 1734 479 1779 homini,
500 1735 530 1773 si
549 1736 641 1786 quid
658 1742 757 1772 recte
775 1744 948 1772 curatum
967 1734 1073 1782 velis,

163 1787 354 1826 Mandes:
383 1788 513 1825 moriri
531 1801 609 1826 sese
627 1788 760 1826 misere
777 1788 956 1834 mavolet‚

162 1840 294 1888 Quam
312 1852 389 1878 non
407 1841 615 1892 perfectum
634 1841 778 1889 reddat,
798 1841 900 1891 quod
918 1839 1141 1891 promiserit.

155 1894 269 1931 Nam
287 1906 356 1944 ego
374 1894 472 1931 illud
490 1902 689 1944 argentum
704 1903 783 1932 tam
802 1901 977 1944 paratum
996 1893 1074 1931 filio

161 1946 248 1985 Scio
266 1959 356 1993 esse,
377 1959 494 1998 quam
513 1960 574 1986 me
592 1947 695 1985 hunc
713 1947 918 1997 scipionem
938 1945 1078 1984 contui.
1190 1945 1266 1984 110

163 1999 239 2037 Sed
257 2000 350 2051 quid
369 2012 439 2050 ego
457 2012 558 2038 cesso
575 2001 630 2039 ire
647 2001 696 2038 ad
715 2001 856 2048 forum,
876 2013 952 2051 quo
970 1999 1183 2050 inceperam
1196 1997 1215 2034 i>

165 2052 237 2090 Ibo
259 2052 378 2098 adem
413 2060 526 2104 atque
544 2053 598 2092 ibi
617 2055 778 2092 manebo
797 2053 900 2104 apud
919 2052 1188 2103 argentarium.
