1412 2427
163 41 214 85 70
497 42 797 81 ASINARIA.
828 43 862 80 Ι.
899 43 933 79 l.

496 150 637 187 Liban.
666 149 761 199 Age,
782 161 865 199 age,
885 159 1006 199 usque
1025 159 1186 185 exscrea.
1213 145 1268 189 27

163 202 341 240 Demoen.
368 200 548 239 Etiamne
561 204 578 239 ?

547 255 684 292 Liban.
718 253 873 302 Quaeso,
898 252 1056 306 (hercle)
1077 265 1199 304 usque
1217 263 1267 289 ex

603 308 740 359 penitis
759 307 945 347 faucibus.

163 360 340 398 Dcmoen.
372 360 535 399 Etiam?

329 415 470 452 Liban.
500 413 700 464 AmpliuS.

478 469 655 504 Dcmaen.
689 468 792 505 Nam
813 480 1008 518 quousque
1021 466 1039 503 ?

604 522 741 558 Liban.
770 521 903 572 Usque
922 521 969 557 ad
988 526 1149 557 mortem
1168 516 1269 556 volo.

161 573 340 613 Demaen.
371 573 473 612 Cave
490 573 538 612 sis
556 574 697 611 malam
717 587 810 612 rem.

531 628 668 664 Liban.
698 627 838 665 Uxoris
856 626 954 674 dico,
973 638 1048 664 non
1068 633 1188 662 tuam.
1215 624 1269 661 30

161 679 336 718 Demaen.
366 680 480 718 Dono
511 687 561 728 te,
593 682 641 718 ob
673 679 770 718 istuc
797 680 957 729 dictum,
984 687 1028 717 ut
1060 690 1192 729 expers
1219 677 1273 715 sis

319 743 438 771 metu.

161 786 303 826 Liban.
334 786 403 824 Dii
423 785 491 823 tibi
510 785 612 833 dent,
633 799 883 837 quaecumque
901 793 1017 836 optes.

608 841 784 876 Demoen.
814 839 948 877 Redde
966 850 1118 889 operam
1138 836 1262 875 mihi:

162 891 242 929 Cur
260 892 331 930 hoe
349 904 418 942 ego
437 905 484 930 ex
503 898 539 929 te
558 905 724 942 quaeram
737 893 755 928 ¹?
783 900 849 930 aut
868 905 933 930 cur
951 891 1102 929 miniter
1122 890 1205 939 tibi,

159 943 365 994 Propterea
383 945 485 996 quod
502 957 565 982 me
583 957 659 982 non
679 945 856 983 scientem
874 944 1002 982 feceris
1019 946 1037 982 Ρ

158 997 244 1035 Aut
262 1010 327 1035 cur
347 1006 535 1049 postremo
553 997 631 1035 filio
650 1010 901 1046 succenseam,
1214 996 1268 1033 35

159 1049 290 1088 Patres
308 1058 352 1088 ut
367 1051 511 1089 faciunt
529 1051 651 1088 caeteri
665 1053 683 1089 Ρ

674 1105 813 1141 Liban.
843 1103 950 1150 Quid
968 1103 1065 1141 istuc
1081 1101 1170 1141 novi
1190 1100 1266 1140 'st?

157 1156 348 1205 Demiror,
371 1156 463 1207 quid
484 1157 532 1194 sit
550 1170 562 1201 ;
594 1163 643 1203 et,
665 1170 741 1207 quo
760 1156 907 1204 evadat,
931 1169 1017 1194 sum
1035 1156 1075 1193 in
1094 1162 1212 1193 metu.

157 1212 334 1247 Demoen.
354 1209 547 1260 Equidem
567 1209 641 1246 scio
655 1210 752 1258 jam,
766 1210 866 1247 filius
885 1222 1002 1260 quam
1021 1215 1122 1247 amet
1139 1220 1266 1256 mem,

159 1263 289 1300 Istanc
305 1263 537 1300 meretricem
557 1276 576 1300 e
594 1275 783 1313 proxumo
802 1262 1037 1300 Philenium.

157 1315 278 1353 Estne
296 1316 382 1363 hoc,
402 1322 445 1353 ut
463 1316 560 1364 dico,
581 1315 729 1354 Libane
744 1319 762 1355 Ρ

587 1370 726 1406 Libun.
758 1369 918 1406 Rectam
933 1368 1050 1407 instas
1067 1368 1182 1408 viam.
1213 1367 1265 1404 40

157 1421 220 1459 Ea
236 1434 294 1459 res
313 1428 380 1459 est.
422 1421 496 1459 Sed
514 1433 601 1460 eum
621 1423 775 1460 morbus
793 1422 931 1459 invasit
948 1421 1086 1471 gravis.

157 1476 336 1512 Demaen.
367 1474 473 1522 Quid
492 1473 615 1511 morbi
636 1474 682 1511 'st
697 1477 715 1512 Ρ

425 1528 567 1565 Liban.
594 1525 699 1572 Quia
715 1539 791 1564 non
810 1533 1018 1577 suppetunt
1036 1526 1144 1564 dictis
1162 1525 1266 1565 data.

154 1581 335 1619 Demaen.
365 1580 478 1618 Tune
497 1593 534 1618 es
553 1579 703 1628 adjutor
720 1592 822 1618 nunc
840 1580 983 1617 amanti
1002 1580 1079 1617 filio
1093 1581 1111 1616 ’Β

152 1635 294 1671 Liban.
320 1635 417 1672 Sum
436 1646 535 1680 vero,
557 1639 593 1670 et
612 1633 705 1669 alter
723 1640 847 1670 noster
866 1640 922 1670 est
941 1633 1125 1671 Leonida.
1208 1633 1261 1669 44

151 1688 332 1726 Demaen,
351 1687 457 1725 Bene
472 1684 629 1734 (hercle)
649 1685 784 1733 facitis,
799 1693 835 1723 et
853 1699 875 1723 a
893 1699 955 1724 me
973 1686 1074 1723 initis
1087 1685 1265 1736 gratiam.

152 1740 302 1778 Verum
320 1753 445 1778 meam
464 1752 636 1787 uxorem,
658 1739 820 1787 Libane,
842 1739 959 1777 nescis
979 1739 1102 1790 qualis
1121 1739 1190 1776 siet
1207 1740 1224 1776 ,⁹

152 1794 294 1831 Liban.
320 1794 385 1830 Tu
403 1793 548 1844 primus
567 1791 704 1837 sentis;
735 1804 803 1830 nos
822 1798 949 1830 tamen
967 1792 1250 1843 praenoscimus.

151 1848 330 1884 Demoen.
358 1847 494 1884 Fateor
512 1859 595 1884 eam
615 1858 692 1884 esse
709 1845 967 1896 importunam
982 1853 1096 1896 atque
1114 1846 1260 1882 incom-

310 1900 478 1937 modam.

150 1954 289 1990 Liban.
318 1952 509 1990 Posterius
527 1952 622 1990 istuc
640 1952 745 1997 dicis,
766 1964 882 2003 quam
903 1951 1013 1990 credo
1032 1951 1114 1989 tibi.

149 2008 327 2044 Demaen.
357 2004 502 2043 Omnes
520 2006 878 2056 parentes,Libane,
900 2005 1027 2043 liberis
1047 2004 1140 2052 suis,
1206 2005 1260 2042 50

145 2058 228 2107 Qui
245 2060 302 2097 mi
320 2059 600 2104 auscultabunt,
627 2058 766 2097 facient
783 2058 1093 2109 obsequentiam:

149 2112 308 2164 Quippe
326 2111 392 2164 qui
412 2124 523 2162 mage
543 2112 665 2151 amico
685 2119 844 2152 utantur
860 2117 976 2162 gnato
994 2118 1030 2150 et
1048 2109 1229 2150 benevolo
1245 2124 1256 2148 :
