1412 2427
422 71 780 110 AULULARIA.
810 72 894 111 111.
923 73 961 108 5.
1172 71 1248 115 137

142 178 276 217 Veluti
315 177 550 228 Megadorus
590 186 711 217 tentat
752 192 815 218 me
850 179 1030 217 omnibus
1070 178 1255 216 miserum

303 231 406 269 mod'
442 246 452 270 ε

140 285 222 334 Qui
250 244 457 333 simulafvit,
485 286 563 324 mei
592 285 744 325 honoris
771 286 922 324 mittere
950 285 1026 322 huc
1054 285 1167 323 causa
1196 233 1259 324 0031

301 351 414 390 quos,

139 392 181 430 Is
201 391 246 430 ea
261 393 374 430 musa
391 392 509 440 misit,
530 393 601 432 hoc
615 394 683 445 qui
700 393 931 444 surriperent
946 391 1086 429 misero
1103 391 1212 430 mihi.
1233 395 1257 430 5

142 445 342 496 Condigne
359 446 474 485 etiam
491 459 601 485 meus
620 460 682 486 me
700 447 804 485 intus
821 446 947 498 gallus
964 445 1214 496 gallinaceus,

141 499 223 546 Qui
242 508 320 537 erat
338 499 430 538 anui
447 501 660 550 peculiaris,
680 500 846 552 perdidit
864 499 1107 550 paenissume.

141 553 222 591 Ubi
240 561 319 591 erat
336 553 418 591 haec
433 553 592 603 defossa,
607 554 753 605 occepit
770 554 825 592 ibi
844 552 1065 605 soelpturire
1082 552 1240 604 ungulis

141 605 409 645 circumcirca.
472 607 578 652 Quid
606 609 734 661 opu'st
762 608 885 647 verbis
897 607 916 644 ’ἓ
947 607 1003 646 ita
1032 607 1092 644 1111
1123 613 1260 658 pectus

139 712 263 764 Capio
289 669 471 762 snpiesssrciilit
484 691 669 755 obtrunco
695 715 858 768 gallum,
881 715 1010 753 furem
1037 713 1262 752 manifesta.

139 819 264 859 Credo
296 781 564 874 {gur-edepol)
599 824 659 862 illi
687 822 902 862 mercedem
934 822 1037 873 gallo
1069 770 1260 873 pollicitlcg

140 928 180 965 Si
198 928 238 966 id
256 888 561 979 Ρ3ἳ301111ᾟέ015501.
617 930 760 970 Exemi
778 944 799 969 e
816 943 935 968 manu
955 928 1216 968 manubrium.

138 980 247 1028 Quid
275 981 402 1034 opu’st
425 984 577 1022 verbis?
609 985 709 1023 facta
728 986 775 1023 'st
807 996 939 1036 pugna
959 983 1000 1020 in
1027 983 1130 1034 gallo
1148 983 1259 1034 galli-

135 1089 209 1126 Sed
228 1048 462 1140 Megdtcizoriis
481 1103 590 1128 meus
610 1091 750 1138 affinis,
771 1103 916 1138 eccum,
939 1090 1081 1128 incedit
1099 1104 1121 1128 a
1141 1090 1236 1129 foro.

136 1143 231 1181 Jam
260 1143 365 1180 hunc
391 1155 467 1181 non
495 1145 619 1183 ausim
642 1144 847 1196 praeterire,
867 1144 963 1196 quin
993 1144 1196 1183 consistam
1222 1151 1260 1182 et

298 1195 506 1248 colloquar.
1208 1198 1256 1235 15

391 1358 578 1398 ACTUS
607 1359 692 1398 III.
748 1357 934 1398 SCENA
961 1358 1014 1396 V.

417 1466 730 1505 MEGAnons.
787 1467 988 1506 Eccmo,

137 1574 196 1611 M
193 1585 252 1624 eg.
273 1574 438 1613 Narravi
452 1574 583 1613 amicis
600 1574 734 1613 multis
750 1573 953 1613 consilium
971 1585 1102 1611 meum

135 1626 198 1665 De
216 1627 429 1666 conditione
445 1628 530 1666 hac.
586 1628 785 1667 Euclionis
803 1628 924 1666 filiam

136 1679 340 1720 Laudant:
371 1682 560 1733 sapienter
578 1682 723 1721 factum
744 1690 780 1720 et
802 1681 958 1721 consilio
976 1682 1090 1718 bono.

134 1732 255 1781 Nam,
275 1747 362 1773 meo
379 1735 534 1786 quidem
553 1736 696 1783 animo,
712 1736 743 1774 si
762 1736 865 1774 idem
882 1734 1024 1773 faciant
1043 1734 1180 1783 caeteri,

135 1786 406 1838 opulentiores
422 1789 694 1841 paupe-florum
712 1789 809 1828 filias
1229 1791 1254 1826 5

135 1840 193 1879 Ut
211 1840 400 1880 indotatas
418 1842 562 1880 ducant
581 1856 716 1881 uxores
735 1843 894 1881 domum
909 1857 921 1888 ς

135 1893 191 1932 Et
207 1895 332 1933 multo
350 1894 417 1933 fiat
435 1895 564 1934 civitas
581 1897 812 1945 concordior,

134 1947 190 1986 Et
208 1947 353 1986 invidia
371 1961 440 1987 nos
457 1949 603 1988 minore
620 1958 788 1996 utamur,
808 1963 926 2002 quam
946 1949 1093 1988 utimur
1105 1963 1118 1987 ε

135 2001 190 2039 Et
207 2001 285 2039 illae
302 2002 444 2040 malam
454 2015 536 2041 rem
554 2011 743 2053 metuant,
759 2017 878 2057 quarn
894 2011 1087 2053 metuunt,
1102 2004 1225 2055 magis
1239 2019 1250 2041 z

135 2053 191 2092 Et
208 2066 276 2093 nos
295 2056 442 2094 minore
460 2064 592 2095 sumtu
610 2058 743 2105 simus,
763 2071 883 2110 quam
902 2070 1047 2096 sumus.
1200 2060 1250 2096 10

135 2106 184 2145 In
202 2121 427 2147 maxumam
447 2109 538 2149 illuc
556 2111 690 2162 populi
707 2120 856 2162 partem
874 2111 922 2149 'st
939 2118 1157 2163 optumum.

136 2161 185 2199 In
203 2163 398 2213 paucioroe
417 2163 547 2204 avidos
565 2164 756 2204 altercatio
778 2165 823 2204 ’st
839 2180 850 2202 z

965 2227 989 2254 N
1013 2219 1038 2254 3
