1412 2427
142 36 216 74 150
403 32 759 74 AULULARIA.
790 32 862 71 1v.
897 33 956 72 10.

144 141 245 178 Eue.
273 139 354 179 Cur
370 140 409 178 id
428 153 541 178 ausus
559 140 693 186 facere,
713 145 756 177 ut
773 138 827 187 id,
847 138 950 189 quod
967 150 1042 177 non
1061 146 1171 177 tuum
1192 152 1249 178 es-

305 201 374 239 set,
389 203 558 244 tangeres
568 193 586 230 ’ἓ
658 223 660 225 .
1201 193 1250 230 10

145 247 243 295 Lyc.
262 245 369 293 Quid
388 246 443 284 vis
463 246 542 284 fieri
555 248 573 285 ?
602 245 745 284 factum
765 244 814 283 ’st
831 244 951 283 illud:
973 244 1053 284 fieri
1065 245 1248 284 infectum

307 311 382 336 non
401 306 534 350 potest.

145 351 248 390 Deos
266 351 375 390 credo
389 352 572 390 voluisse:
592 363 696 398 nam,
712 351 753 388 ni
767 351 918 398 vellent,
931 362 1007 388 non
1026 350 1143 398 fieret,
1159 351 1251 390 scio.

145 407 246 443 Euc-
275 405 330 443 At
345 417 414 455 ego
433 405 535 443 Deos
552 405 661 443 credo
678 404 852 452 voluisse,
879 411 923 441 ut
944 403 1047 455 apud
1065 416 1127 442 me
1149 411 1186 442 te
1207 404 1249 441 in

306 470 420 497 nervo
439 470 595 496 enicem.

151 512 248 560 Lyc.
277 511 340 549 Ne
357 510 454 549 istuc
471 511 582 549 dixis,

238 566 326 601 Eue
367 564 473 612 Quid
492 563 560 602 tibi
578 575 667 614 ergo
683 575 808 601 meam
826 575 889 601 me
905 562 1025 601 invito
1041 563 1154 602 tactio
1172 563 1220 602 'st
1232 565 1252 603 ?

150 618 247 667 Lyc.
276 617 381 665 Quia
399 617 476 656 vini
494 617 584 655 vitio
603 624 715 667 atque
730 615 866 654 amoris
884 615 966 654 feci.

601 672 700 707 Eue.
730 670 860 707 Homo
877 668 1136 708 audacissume
1154 669 1165 707 !
1198 669 1249 708 15

147 723 248 762 Cum
276 723 442 762 istaccin'
463 730 499 762 te
525 723 690 762 oratione
716 723 791 761 huc
818 721 867 759 ad
893 734 955 760 me
977 722 1078 761 adire
1099 735 1251 772 ausum,

309 776 510 827 impudens
525 779 543 815 Ρ

147 830 268 877 Nam,
288 829 321 867 si
339 830 434 867 istuc
447 831 510 878 jus
529 839 596 878 est,
616 836 660 867 ut
677 836 719 867 tu
737 829 834 866 istuc
851 840 1028 867 excusare
1044 829 1199 880 possies,

149 883 256 921 Luce
274 883 373 920 claro
391 882 620 932 deripiamus
639 895 773 919 aurum
792 881 972 920 matronis
990 882 1143 932 palam;

151 936 259 982 Post,
277 935 332 980 id,
353 935 384 972 si
403 936 576 985 prehensi
594 935 726 981 simus,
748 947 982 983 excusemus,
1003 935 1124 973 ebrios

149 988 232 1026 Nos
253 988 381 1026 fecisse
399 988 536 1026 amoris
560 987 683 1026 causa.
726 987 855 1026 Nimis
877 987 952 1025 vile
969 989 1017 1026 ’st
1038 989 1169 1027 vinum
1197 996 1255 1028 at-

311 1053 385 1092 que
403 1054 521 1089 amor,
1201 1045 1253 1082 20

151 1094 193 1133 Si
211 1093 314 1132 ebrio
341 1101 454 1145 atque
477 1094 620 1132 amanti
644 1093 802 1146 impune
825 1093 958 1143 facere,
984 1094 1087 1145 quod
1111 1095 1255 1146 lubeat,

311 1147 409 1185 licet.
934 1179 940 1186 ,

151 1202 248 1251 Lyc.
272 1200 379 1248 Quin
394 1199 464 1239 tibi
481 1200 580 1238 ultro
599 1201 852 1252 supplicatum
866 1199 977 1238 venio
993 1202 1042 1239 ob
1056 1201 1257 1241 stultitiam

313 1266 451 1291 meam.

152 1307 253 1345 Eue.
272 1307 362 1344 Non
380 1308 437 1344 mi
450 1307 622 1345 homines
639 1307 802 1358 placent,
819 1306 899 1358 qui,
915 1306 1068 1358 quando
1085 1308 1184 1346 male
1202 1308 1257 1348 fe-

310 1369 455 1408 cerunt,
475 1360 682 1412 purgitant.

150 1413 216 1451 Tu
227 1414 334 1451 illam
346 1413 465 1452 scibas
476 1426 552 1451 non
563 1421 671 1452 tuam
683 1426 781 1452 esse:
798 1425 874 1450 non
887 1420 1065 1451 attactam
1077 1415 1258 1464 oportuit.

151 1468 248 1516 Lyc.
266 1467 387 1517 Ergo,
403 1467 494 1517 quia
511 1479 598 1505 sum
616 1474 767 1517 tangere
784 1478 912 1514 ausus,
926 1465 1031 1505 haud
1045 1467 1255 1515 causificor,

312 1519 406 1570 quin
429 1532 513 1557 eam
1201 1523 1253 1559 25

152 1573 239 1624 Ego
256 1572 417 1611 habeam
434 1573 701 1624 potissumum.

439 1628 540 1663 Eue.
567 1626 672 1664 Tun'
692 1626 844 1672 habeas,
864 1639 926 1664 me
944 1626 1077 1674 invito,
1096 1639 1223 1666 meam
1236 1630 1255 1667 ‚⁹

153 1681 250 1730 Lye.
271 1678 403 1722 Haud,
422 1685 459 1716 te
476 1679 605 1723 invito,
626 1679 800 1730 postulo:
822 1679 887 1718 sed
904 1692 1030 1718 meam
1049 1692 1128 1718 esse
1145 1693 1256 1732 opor-

313 1739 389 1770 tere
407 1732 576 1770 arbitror.

152 1784 260 1834 Quin
287 1791 331 1822 tu
358 1797 441 1822 eam
468 1785 648 1832 invenies,
678 1785 850 1837 inquam,
883 1798 1009 1824 meam
1040 1786 1148 1825 illam
1179 1799 1259 1826 esse

311 1844 492 1888 oportere,
513 1838 661 1876 Euclio.

154 1893 255 1930 Eue.
283 1890 371 1928 Nisi
388 1891 501 1929 refers
522 1919 530 1928 .
553 1919 562 1928 .
585 1919 594 1928 .
618 1920 627 1928 .

420 1945 518 1994 Lye.
549 1944 655 1992 Quid
674 1944 741 1982 tibi
763 1958 832 1995 ego
851 1946 1008 1984 referam
1026 1949 1044 1985 ?

617 2000 716 2036 Euc-
748 1998 864 2042 Quod
883 1999 1094 2050 surripuisti
1111 2012 1256 2047 meum,

154 2053 183 2090 J
185 2063 247 2090 am
263 2049 416 2103 quidem
434 2050 602 2100 (hercle)
622 2058 659 2090 te
678 2051 725 2090 ad
740 2060 937 2104 praetorem
955 2052 1116 2106 rapiam,
1134 2061 1172 2092 et
1189 2054 1260 2092 tibi

314 2103 473 2143 scribam
491 2104 628 2143 dicam.
1206 2108 1258 2145 30
