1412 2427
138 29 189 67 58
307 29 687 69 AMPHITRUO.
714 29 790 67 1v.
820 27 1087 80 [Supposita.]

144 132 311 171 Mentiri
329 134 414 173 ais?

246 187 391 237 Ample-
426 187 620 237 Mentiris,
644 187 819 240 inquam,
848 200 944 226 meae
973 194 1168 240 corruptor
1195 186 1255 225 fa-

301 240 444 278 miliae!
1201 242 1254 277 22

140 295 238 343 Jup.
267 292 332 332 Ob
357 294 454 332 istuc
477 294 680 346 indignum
702 293 862 343 dictum,
889 301 926 333 te
955 293 1130 334 obstricto
1155 294 1252 333 collo

307 346 378 385 hac
396 349 586 399 arripiam.

146 400 293 450 Amph.
326 400 398 438 Vae
415 401 552 440 misero
570 401 666 439 mihi
683 401 693 438 !

353 456 389 492 J
390 468 452 504 up.
482 455 541 493 At
559 455 598 492 id
616 454 833 506 praecavisse
850 454 1028 506 oportuit·

525 509 671 558 Amph.
699 507 906 558 Blepharo,
930 506 1120 559 suppetias
1138 506 1249 546 mihi.

141 561 282 610 Bleph.
313 561 536 599 Consimiles
572 569 660 600 sunt
691 561 798 609 adeo,
830 569 887 610 ut,
919 561 996 599 utri
1027 559 1154 606 assim,
1184 572 1252 598 ne-

301 615 441 652 sciam:
474 615 596 652 rixam
616 622 759 661 tamen‚
1196 615 1249 651 25

140 666 197 705 Ut
224 674 359 718 potest,
392 667 580 706 dirimam.
630 668 882 719 Amphitruo,
912 667 991 706 noli
1021 667 1251 719 Amphitru-

300 733 411 759 onem
430 721 605 771 perdere:

140 771 293 824 Linque
312 774 466 822 coHum,
487 788 629 825 precor.

355 856 359 860 ,
403 831 502 878 Jup.
532 829 650 867 Hunc
664 836 706 866 tu
725 827 1051 880 Amphitruonem
1069 827 1215 866 dictitas
1229 828 1248 865 ?

139 880 277 929 Bleph.
308 880 484 928 Quidni?
513 894 613 920 unus
642 882 760 928 olim3
790 894 893 919 nunc
922 894 1009 920 vero
1037 888 1167 931 partus
1197 886 1252 919 est

301 946 502 985 gemmus:

137 984 247 1024 Dum
270 994 312 1024 tu
335 987 391 1025 vis
415 1002 506 1038 esse,
532 988 626 1026 alter
648 1001 801 1040 quoque
826 1001 905 1027 esse
925 987 1051 1026 forma
1077 1000 1155 1027 non
1182 986 1250 1025 de-

300 1051 403 1078 simt.

140 1092 304 1139 Interea,
325 1106 465 1144 quaeso,
486 1094 628 1132 collum
645 1094 789 1146 linque.

259 1149 358 1196 Jup.
388 1147 566 1198 Linquo:
597 1148 662 1186 sed
680 1148 740 1186 dic
757 1147 867 1198 mihi,
882 1146 1079 1187 videturne
1097 1147 1167 1187 tibi
1194 1147 1247 1187 30

143 1198 236 1238 Istic
255 1200 490 1250 Amphitruo
502 1201 520 1237 ἱ)

245 1255 387 1303 Bleph.
413 1255 584 1306 Uterque
602 1255 771 1307 quidem.

412 1309 559 1357 Amph.
582 1310 658 1348 Pro
676 1322 825 1348 summe
836 1309 1017 1360 Jupiter!
1049 1308 1117 1347 ubi
1134 1307 1248 1346 hodie

137 1359 243 1398 Mihi
266 1360 430 1452 forrhrliam
454 1362 620 1402 adimis?
651 1363 775 1414 Pergo
805 1375 997 1414 quaerere:
1025 1370 1117 1401 tune
1145 1362 1247 1399 Am-

296 1427 322 1464 p
353 1414 450 1452 'truo
464 1416 482 1452 Ρ

508 1470 608 1517 Jup.
639 1469 705 1507 Tu
723 1481 838 1520 negas
852 1471 870 1507 Ρ

135 1519 284 1569 Amph.
313 1520 501 1570 Pernego,
532 1522 685 1571 quando
723 1522 884 1571 Thebis,
911 1527 1047 1572 praeter
1072 1533 1150 1570 me,
1178 1532 1245 1559 ne-

297 1585 360 1610 mo
381 1574 428 1611 ’st
442 1574 536 1612 alter
552 1575 800 1626 Amphitruo.

134 1628 234 1676 Jup.
281 1626 424 1674 Immo,
463 1635 597 1677 praeter
623 1641 699 1676 me,
728 1641 864 1676 nemo;
906 1635 1020 1679 atque
1055 1628 1164 1676 adeo,
1201 1634 1246 1666 tu

295 1680 502 1730 Blephar0‚
519 1681 640 1729 judex
657 1682 742 1722 sies,

133 1734 273 1783 Bleph.
316 1733 472 1771 Faciam
492 1733 546 1780 id,
571 1735 603 1772 si
627 1748 739 1786 queo,
770 1735 886 1786 signis
913 1735 1055 1787 palam.
1093 1735 1160 1773 Tu
1185 1748 1245 1774 re-

295 1786 439 1837 sponde
456 1787 574 1837 prius.

814 1844 962 1892 Amph.
992 1842 1163 1881 Lubens.
1191 1842 1244 1879 35

134 1893 274 1943 Bleph.
303 1893 528 1944 Antequam
559 1906 647 1932 cum
677 1894 840 1945 Taphiis
859 1910 882 1934 a
906 1904 943 1935 te
959 1908 1093 1948 pugna
1117 1896 1166 1934 sit
1186 1895 1246 1934 in-

291 1946 359 1993 ita,
380 1946 473 1997 quid
490 1947 681 1985 mandasti
698 1949 795 1985 mihi
810 1952 827 1987 Ρ

134 2000 281 2050 Amph.
310 2000 451 2037 Parata
468 2000 571 2047 navi,
588 2000 694 2038 clavo
716 2001 874 2041 haereres
897 2002 1043 2041 sedulo-

133 2055 233 2103 Jup.
260 2053 331 2097 Ut,
350 2052 382 2089 si
399 2053 516 2091 nostri
533 2053 667 2106 fugam
694 2054 871 2101 facerent,
895 2057 988 2094 ssluc
1004 2067 1067 2094 me
1084 2061 1168 2094 tuto
1187 2067 1250 2093 τεο

293 2106 467 2157 ciperem.
724 2134 728 2137 »

663 2160 674 2184 w
698 2174 723 2184 ..
775 2180 777 2182 .
806 2169 810 2179 s
