1412 2427
151 50 202 85 26
447 54 817 94 AMPHITRUO.
848 56 905 93 ΙΙ.
939 56 977 94 1.

365 161 444 197 Alc.
473 161 544 207 Ut,
565 173 683 211 quom
702 161 838 207 absim,
857 174 920 200 me
938 175 1054 210 ames,
1075 174 1137 200 me
1155 169 1261 200 tuam

427 215 620 251 absentem
641 221 782 253 tamen.

148 265 272 303 Mero.
302 265 462 313 Eamus,
484 267 741 318 Amphitruo:
775 268 921 307 luciscit
938 269 1009 307 hoc
1024 269 1118 318 jam.

715 323 812 371 Jup.
835 322 917 358 Abi
935 336 1027 373 prae,
1049 321 1178 361 Sosia:
1210 323 1262 358 45

149 372 238 411 Jam
259 385 328 423 ego
346 385 493 423 sequar.
551 373 757 425 Numquid
776 375 830 412 vis
844 377 861 412 Ρ

416 426 496 464 Alc.
519 427 679 471 Etiam;
709 434 753 465 ut
771 435 942 465 actutum
963 428 1150 466 advenias.

1010 484 1045 518 J
1045 495 1109 530 up.
1140 481 1262 518 Licet.

150 531 263 568 Prius
281 531 348 569 tua
362 532 538 583 opinione
555 533 619 570 hic
638 533 749 571 adero
765 548 774 571 ε
796 536 940 572 bonum
959 534 1130 571 animum
1150 534 1259 571 habe.

149 584 266 621 Nunc
286 592 336 631 te,
357 598 447 634 nox,
469 599 555 637 quae
573 599 635 624 me
660 587 845 631 mansisti,
872 587 997 635 mitto,
1017 595 1062 624 ut
1079 587 1260 626 concedas

309 638 385 683 die,

148 691 204 728 Ut
222 692 444 730 mortalibus
462 693 647 730 illuciscas
665 693 748 730 luce
766 693 867 731 clara
886 701 922 732 et
939 693 1111 732 candida.

147 744 294 794 Atque,
315 753 458 795 quanto
476 758 552 783 nox
570 745 676 783 fuisti
695 746 842 796 longior
859 747 931 785 hac
948 746 1152 798 proxuma,
1207 748 1259 784 50

150 796 276 834 Tanto
294 798 440 836 brevior
459 799 538 837 dies
557 806 599 836 ut
619 798 699 847 fiat,
719 799 870 847 faciam,
890 807 934 838 ut
952 813 1059 851 aeque
1078 800 1256 850 disparet,

147 849 201 887 Et
227 850 306 888 dies
331 864 351 888 e
377 859 485 890 nocte
508 851 673 890 accedat.
728 852 814 900 Ibo,
839 860 876 890 et
901 853 1140 892 Mercurium
1171 854 1260 890 sub-

305 917 449 955 sequar.

410 1065 596 1104 ACTUS
626 1066 685 1103 II.
742 1065 927 1104 SCENA
956 1066 990 1103 I.

440 1171 754 1209 AMPHITRUO.
812 1173 961 1211 Sosm.

144 1276 282 1325 Amph.
311 1277 413 1327 Age,
434 1277 447 1314 i
465 1285 510 1315 tu
529 1277 750 1316 secundum.

695 1335 777 1369 Sos.
801 1333 960 1383 Sequor,
981 1335 1189 1384 subsequor
1207 1340 1258 1372 te.

154 1382 293 1432 Amph.
321 1384 649 1422 Scelestissumum
668 1391 705 1422 te
723 1386 894 1423 arbitror.

745 1441 828 1476 Sos.
858 1439 963 1477 Nam
979 1439 1255 1489 quamobrem?

143 1489 283 1538 Amph.
309 1488 414 1536 Quia
437 1489 490 1534 id,
518 1490 620 1541 quod
646 1501 769 1541 neque
797 1498 865 1539 est,
896 1504 964 1530 nec
986 1493 1073 1537 fuit,
1105 1505 1173 1531 nec
1195 1493 1257 1531 fu-

303 1549 434 1580 turum
455 1543 517 1592 'st‚

144 1593 250 1632 Mihi
266 1595 459 1645 praedicas.

506 1649 584 1687 Sos.
609 1650 775 1689 Eccere!
802 1653 884 1701 jam
903 1652 1042 1690 tuatim

141 1700 250 1738 Facis
268 1708 324 1748 tu,
345 1709 389 1739 ut
407 1702 482 1740 tuis
500 1704 608 1741 nulla
625 1704 728 1754 apud
746 1711 784 1742 te
803 1706 850 1743 sit
867 1705 972 1743 fides.
1229 1708 1253 1743 5

139 1753 279 1803 Amph.
313 1754 420 1802 Quid
439 1762 494 1794 est
508 1759 526 1794 Ρ
555 1769 632 1808 quo
649 1757 763 1795 modo
776 1760 794 1796 ?
819 1760 901 1808 jam
921 1759 1076 1810 quidem
1098 1759 1256 1809 (hercle)

300 1821 370 1858 ego
389 1809 459 1846 tibi
476 1809 588 1847 istam

139 1860 360 1909 Scelestam‚
380 1863 514 1910 scelus,
534 1863 707 1914 linguam
726 1866 956 1904 abscindam.

905 1921 983 1958 Sos.
1010 1919 1121 1957 Tuus
1140 1932 1252 1965 sum;

147 1966 324 2009 Proinde,
346 1974 390 2004 ut
408 1970 651 2008 commodum
670 1972 716 2010 ’st
735 1979 773 2011 et
788 1973 908 2021 lubet,
930 1972 1099 2025 quidque
1116 1973 1255 2011 facias:

145 2019 310 2067 Tamen,
332 2021 424 2072 quin
444 2023 579 2074 loquar
597 2037 666 2075 ego
684 2025 765 2063 haec
782 2027 839 2064 uti
857 2027 957 2066 facta
975 2034 1063 2065 sunt
1081 2026 1158 2075 hic,

140 2073 355 2123 Nunquam
374 2075 453 2112 ullo
471 2077 585 2114 modo
603 2089 665 2115 me
681 2085 789 2130 potes
808 2080 1005 2119 deterrere.
1206 2080 1255 2117 10

141 2125 282 2175 Amph.
302 2127 583 2168 Scelestissume
599 2130 608 2168 !
640 2132 757 2170 audes
776 2133 879 2171 mihi*
891 2133 1094 2185 praedicare
1111 2133 1164 2181 id,
