1412 2427
420 69 800 109 AMPHITRUO.
828 69 860 108 I.
890 71 927 106 3.
1181 70 1231 105 25

116 175 181 214 Ex
198 187 262 214 me
279 176 404 228 primo
421 177 546 228 prima
574 177 698 225 scires,
720 189 799 215 rem
819 183 862 214 ut
880 176 1076 227 gessissem
1106 175 1234 226 publi-

274 242 371 268 cam.
1180 230 1231 265 26

114 282 175 320 Ea
193 283 262 320 tibi
282 285 411 322 omnia
429 283 613 323 enarravi
660 283 748 322 Nisi
767 292 804 322 te
823 296 991 321 amarem
1010 282 1236 334 plurimum,

115 335 206 373 Non
225 336 400 375 facerem.

223 391 347 429 Mero.
369 392 539 437 Facitne,
555 399 600 429 ut
614 390 721 428 dixi?
743 390 918 428 timidam
934 390 1049 441 palpo
1063 388 1236 441 percutit.

115 445 213 493 Jup.
243 445 375 492 Nunc
397 458 446 483 ne
463 445 563 495 legio
582 445 834 496 persentiscat„
851 445 949 483 clam
969 444 1059 482 illuc
1077 443 1237 481 redeun-

278 498 403 536 dum'
407 507 440 537 st
462 499 581 544 mihi3

118 551 182 588 Ne
198 563 262 589 me
273 565 433 590 uxorem
452 552 688 603 praevortisse
704 552 832 590 dicant
850 565 929 602 prae
945 565 985 589 re
998 550 1165 603 publica.
1186 550 1239 586 30

118 604 200 641 Alc.
229 605 526 644 Lacrumantem
546 620 594 646 ex
612 607 718 644 abitu
733 606 936 644 concinnas
953 613 995 643 tu
1015 613 1122 643 tuam
1142 616 1239 642 uxo-

282 672 376 697 rem.

390 716 426 752 J
426 726 488 762 up.
521 713 638 753 Tace.

121 766 185 805 Ne
204 778 404 818 corrumpe
423 767 578 814 oculos3
608 767 738 807 redibo
756 775 942 806 actutum.

722 822 803 858 Alc.
827 822 876 859 Id
895 828 1068 859 actutum
1087 819 1154 857 diu
1175 818 1235 857 'st-

118 875 218 924 Jup.
256 875 348 913 Non
378 887 448 926 ego
468 882 505 914 te
523 875 587 914 hic
610 874 747 914 lubens
775 875 963 926 relinquo,
995 886 1119 925 neque
1148 874 1240 911 abeo

283 930 350 967 abs
367 936 417 967 te.

390 983 473 1020 Alc.
503 983 634 1022 Sentio
650 998 660 1021 ε

125 1036 246 1084 Nam,
264 1035 343 1087 qua
359 1045 469 1076 nocte
487 1036 536 1074 ad
551 1049 614 1075 me
634 1037 782 1084 venisti,
804 1037 937 1075 eadem
957 1036 1050 1075 abis.

809 1094 906 1141 Jup.
927 1091 1007 1129 Cur
1025 1101 1088 1126 me
1106 1096 1233 1126 tenoe.
1224 1090 1242 1112 ¹>

125 1143 301 1193 Tempus
333 1150 412 1181 ὅτε
452 1144 556 1182 exire
589 1157 636 1182 ex
669 1145 776 1191 urbe,
810 1145 1035 1196 priusquam
1072 1142 1242 1231 lucisczg2

284 1196 386 1233 volo.
1219 1206 1244 1230 ῡ

128 1250 246 1288 Nunc
265 1249 334 1287 tibi
361 1249 460 1288 hanc
480 1258 665 1302 pateram,
685 1263 772 1302 quae
797 1250 897 1289 dono
919 1250 976 1289 mi
1004 1248 1082 1286 illic
1101 1250 1150 1287 ob
1170 1247 1245 1285 vir-

286 1310 406 1341 tutem
427 1303 546 1341 data'
549 1313 596 1350 st

114 1357 297 1409 (Pterela
324 1369 392 1394 rex
422 1359 492 1408 qui
533 1357 722 1409 potitavit‚
758 1370 874 1409 quem
907 1369 977 1408 ego
1007 1357 1095 1394 mea
1128 1354 1246 1395 occidi

127 1408 451 1512 Alcumelrtiaajliiiii
469 1464 653 1503 condono.

594 1519 676 1558 Alc.
695 1519 819 1566 Facis,
839 1526 883 1557 ut
901 1518 995 1556 alias
1013 1531 1072 1556 res
1091 1517 1201 1556 soles.

129 1570 303 1620 Ecastor,
342 1572 576 1624 condignum
615 1572 775 1620 donum,
807 1571 978 1624 quali’st,
1003 1572 1070 1623 qui
1101 1571 1247 1609 donum

132 1681 264 1718 Merc.
290 1625 425 1718 {gig-⁰
443 1679 496 1718 sic
514 1678 747 1732 condignum
775 1680 936 1727 donum,
959 1679 1130 1731 quali'st³
1158 1679 1249 1730 quoi

291 1733 391 1771 dono
409 1733 543 1771 datum
563 1734 622 1773 ’st.
1197 1734 1249 1770 40

129 1788 229 1837 Jup.
262 1786 431 1837 Pergi'n’
452 1794 581 1869 aut9em
595 1790 613 1826 ἓ
642 1788 784 1826 Nonne
803 1800 872 1839 ego
890 1800 1061 1839 possum,
1081 1786 1249 1833 furcifer,

132 1894 215 1931 Alc.
245 1840 546 1959 Ndiiffdxdtidgo)
571 1895 825 1946 Amphitruo,
853 1895 964 1934 irasci
993 1894 1112 1934 Sosiae
1137 1892 1253 1932 causa

292 1959 392 1985 mea.

133 2004 232 2053 Jup.
263 2001 416 2040 Faciam
436 2001 491 2039 ita
507 2009 553 2040 ut
569 2002 637 2041 vis.

436 2056 567 2095 Herc.
596 2055 663 2096 Ex
680 2069 808 2096 amore
824 2056 886 2097 hic
904 2055 1114 2096 admodum
1133 2066 1250 2107 quam

483 2121 605 2149 saevus
624 2111 704 2150 oet!

136 2164 171 2200 J
174 2175 237 2211 up.
270 2162 475 2214 Numquid
493 2162 548 2201 vis
562 2165 580 2201 ‚⁹

189 2225 293 2252 vm„-
317 2228 347 2255 1.
1008 2227 1036 2252 ι)
