1412 2427
420 65 769 105 BACCHIDES.
801 66 880 105 IV.
911 68 948 104 8.
1165 66 1244 109 207

127 170 230 219 Quae
246 178 284 210 te
302 171 489 219 sollicitet,
509 184 599 210 eum
618 184 697 210 esse
715 183 804 210 cum
823 171 890 210 illa
908 172 1080 210 muliere.
1189 173 1243 210 50

129 226 211 263 Cle.
231 225 374 274 Immo,
394 233 449 263 est
468 238 635 277 quoque.

221 320 224 322 Α
499 280 595 318 Chr.
615 278 679 317 Ita
696 291 759 317 me
777 277 942 329 Jupiter,
964 278 995 316 J
997 290 1087 323 uno,
1111 278 1240 328 Cerae,

123 330 316 375 Minerva,
337 332 501 381 Latona,
522 333 630 384 SpeS,
651 332 766 383 Opis,
782 333 932 378 Virtus,
948 332 1097 380 Venus,

125 384 276 432 Castor,
298 385 488 434 Polluces,
509 386 635 434 Mars,
655 385 888 433 Mercurius,
909 385 1111 434 Hercules,

125 438 375 487 Summanus,
397 439 478 486 Sol,
499 440 700 488 Saturnus,
721 439 867 490 Diique
883 451 1015 477 omnes
1033 446 1161 477 ament
1173 453 1185 486 3

123 491 180 528 Ut
197 491 263 530 ille
281 506 370 531 cum
388 493 457 530 ina
473 505 598 544 neque
615 495 741 537 cubat,
763 505 888 544 neque
904 492 1091 542 ambulat,
1185 494 1237 529 55

122 543 263 595 Neque
282 547 485 594 osculatur,
505 558 629 597 neque
644 546 742 584 illud
760 545 864 598 quod
879 545 955 583 dici
973 544 1079 584 solet.

122 598 223 636 Nic.
253 599 309 636 Ut
328 601 434 649 jurat
449 599 459 637 !
491 608 614 637 servat
631 613 695 638 me
711 599 777 638 ille
794 599 872 638 suis
888 598 1080 650 perjuriis.

125 652 206 688 Cle.
234 652 314 690 Ubi
332 665 434 691 nunc
453 652 717 692 Mnesilochus
735 666 823 704 ergo
839 659 895 691 est
910 655 928 691 ’ἓ

773 707 869 746 Chr.
891 706 979 744 Rus
996 705 1102 745 misit
1117 713 1237 759 pater.

119 755 197 794 Ina
215 765 344 797 autem
362 759 403 797 in
423 772 547 798 arcem
565 759 683 798 abivit
701 759 821 798 aedem
838 759 959 798 visere

118 810 331 851 Minervae:
361 825 465 851 nunc
483 821 613 864 aperta
631 820 698 851 est.
752 813 790 862 Ι,
809 812 905 863 vise,
920 819 1024 851 estne
1041 811 1096 851 ibi
1110 814 1128 851 ?
1184 812 1237 851 60

121 865 202 904 Cle.
231 865 345 905 Abeo
364 866 414 905 ad
430 867 555 905 forum
576 866 704 917 igitur.

453 921 548 960 Chr.
566 920 642 959 Vel
661 919 829 972 (hercle)
848 919 890 958 in
907 919 1052 959 malam
1070 931 1233 959 crucem.

113 972 199 1010 Cle.
221 972 351 1012 Hodie
369 974 522 1025 exigam
541 986 680 1013 aurum
698 973 770 1012 hoc
787 976 805 1012 ?

618 1029 714 1066 Chr.
736 1027 878 1078 Exige,
897 1039 942 1066 ac
959 1026 1147 1079 suspende
1166 1034 1203 1065 te
1217 1039 1231 1063 τ

115 1078 179 1117 Ne
197 1081 412 1131 supplicare
430 1093 592 1129 censeas,
612 1081 722 1119 11111111
740 1081 869 1120 1101110.

114 1132 190 1169 Ille
207 1141 263 1171 est
281 1141 444 1173 amotus.
503 1135 594 1174 Sine
612 1147 675 1172 me
692 1135 783 1185 (per
800 1142 851 1181 te,
870 1134 975 1182 here,
995 1135 1148 1173 obsecro
1283 1169 1285 1171 ,

114 1184 219 1224 Deos
238 1186 491 1236 immortales)
509 1189 563 1226 ire
580 1189 656 1226 huc
674 1188 773 1227 intro
791 1188 840 1226 ad
862 1188 999 1227 filium.
1178 1187 1232 1225 65

115 1240 213 1277 Νἱε.
234 1239 343 1288 Quid
363 1253 407 1279 eo
425 1242 595 1280 introibis
609 1244 627 1281 Ρ

543 1297 638 1334 Chr.
659 1295 717 1334 Ut
735 1308 824 1333 eum
844 1293 953 1332 dictis
971 1293 1150 1345 plurimis

113 1345 322 1397 castigem,
352 1361 469 1399 quom
499 1349 580 1388 haec
604 1349 657 1388 sic
683 1349 782 1388 facta
808 1348 857 1387 ad
882 1348 986 1386 hunc
1009 1347 1123 1386 faciat
1146 1360 1231 1386 mo-

273 1400 381 1440 dum.

111 1453 210 1490 Nic.
234 1453 378 1502 Immo,
400 1468 465 1494 oro
480 1463 524 1494 ut
542 1456 670 1503 facias,
693 1455 903 1507 Chrysale:
925 1458 963 1494 et
980 1455 1044 1494 ted
1061 1455 1229 1503 obsecro,

110 1505 212 1545 Cave
229 1508 349 1557 parsis
368 1509 408 1547 in
425 1523 514 1548 eum
533 1510 668 1548 dicere.

602 1564 698 1602 Clzr.
717 1562 850 1602 Etiam
868 1575 933 1600 me
951 1574 1084 1600 mones
1100 1563 1118 1600 Ρ

108 1613 246 1652 Sati'n'
266 1622 336 1662 est,
357 1616 388 1654 si
405 1616 516 1667 plura
534 1630 582 1655 ex
599 1629 662 1654 me
680 1616 809 1654 audiet
826 1616 939 1654 hodie
956 1616 1074 1663 mala,
1175 1615 1227 1659 70

109 1666 241 1713 Quam
260 1668 407 1707 audivit
428 1682 601 1722 unquam
620 1670 747 1708 Clinia
765 1682 812 1707 ex
832 1668 1032 1707 Demetrio
1047 1671 1065 1707 ἓ

110 1721 209 1757 Nic.
230 1721 349 1772 Lippi
366 1723 444 1761 11110
462 1724 563 1762 001111
580 1736 709 1762 servus
728 1730 781 1762 est
801 1723 1034 1761 simillumus
1049 1736 1060 1760 :

107 1772 150 1810 Si
169 1784 245 1811 non
265 1782 334 1822 est,
355 1776 452 1815 nolis
471 1790 561 1823 esse,
581 1790 705 1828 neque
722 1776 932 1815 desideres:

107 1825 148 1863 Si
167 1834 236 1873 est,
256 1828 456 1877 abstinere,
478 1830 572 1880 quin
591 1830 769 1881 attingas,
790 1842 868 1868 non
889 1841 1020 1880 queas.

106 1879 225 1923 Nam,
247 1881 287 1918 ni
305 1881 382 1919 illic
399 1882 511 1920 hodie
528 1883 623 1921 forte
640 1884 793 1921 fortuni)⁴
811 1883 876 1921 hic
894 1883 1004 1929 foret,
1168 1883 1220 1928 75

105 1931 223 1971 Miles
242 1933 525 1974 Mnesilochum
546 1949 632 1974 cum
654 1949 770 1975 uxore
784 1937 1014 1987 opprimeret
1028 1936 1113 1985 sua,

105 1986 238 2037 Atque
256 1989 497 2027 obtruncaret
515 1990 707 2028 moechum
725 1990 1040 2028 manifestarium.

104 2038 145 2076 N
147 2051 222 2079 unc
240 2041 350 2091 quasi
368 2041 540 2081 ducentis
559 2043 749 2094 Philippis
767 2043 843 2082 emi
862 2043 1000 2091 filium,

102 2090 213 2139 Quos
230 2093 318 2132 dare
336 2096 492 2145 promisi
510 2096 647 2134 militi:
678 2109 774 2147 quos
794 2108 871 2135 non
890 2096 989 2134 dabo
1095 2141 1098 2143 ‚

101 2144 263 2185 Temere
281 2147 409 2195 etiam,
430 2150 650 2200 priusquam
671 2150 796 2188 filium
816 2161 1036 2188 convenero.
1145 2149 1214 2187 '80
