1412 2427
404 21 575 61 CASIN
575 23 630 60 A.
660 23 735 62 IV.
764 24 802 60 4.
1073 24 1153 63 399

45 129 101 166 Ut
118 127 241 180 potior
264 128 448 180 pollentia
469 129 534 177 sis,
558 129 761 180 vincasque
785 129 924 177 virum,
945 131 1156 182 victrixque

45 194 289 287 ΞυΡετειῗῙΙιειῖ,
297 243 408 274 tuum
427 236 658 286 imperium.
680 236 738 273 vir
756 243 792 274 te
806 236 951 284 vestiat,
967 244 1008 274 tu
1029 185 1154 276 vixug

43 288 402 393 Νοεῐιιᾳξὲὃξῒῌὲὶιι
422 349 468 380 ut
491 343 572 381 viro
594 342 753 380 subdola
774 343 845 381 siae
866 344 1053 393 (obsecro)
1073 358 1154 383 me-

47 450 177 499 Olym.
202 402 526 487 Illsslgllbomaxumo
549 461 617 488 suo
639 448 814 501 (hercle)
837 449 952 497 illico,
975 451 1044 489 ubi
1068 401 1154 489 tan5

204 503 332 541 tulum
349 503 541 554 pecoessit.

45 558 144 595 Stat.
172 557 287 595 Tace.

204 611 336 660 Olym.
365 610 456 648 Non
477 618 593 651 taceo.

307 665 408 702 Stal.
437 663 538 711 Quae
554 666 644 702 res?

391 719 522 766 Olym.
550 717 662 756 Mala
680 718 793 756 malae
809 718 912 756 male
929 725 1154 756 monstrant.

41 771 135 810 scal.
164 770 291 809 Perii!
323 771 416 813 Istae
432 771 572 810 facient
599 770 698 809 hanc
722 783 803 810 rem
830 771 927 809 mihi
949 785 997 810 ex
1024 772 1157 823 parata

199 833 441 876 lmparatam.

43 877 92 915 Id
109 885 286 929 quaerunt
299 893 311 916 z
332 879 491 925 'volunt,
510 877 591 916 haec
609 885 653 915 ut
671 878 810 916 infecta
827 879 979 917 faciant.

699 933 802 969 Aac.
828 933 931 981 Age,
953 932 1151 983 Olympio.

43 983 210 1032 Quando
228 985 298 1034 vis,
320 997 478 1023 uxorem
496 986 623 1036 accipe
640 985 739 1023 hanc
757 999 780 1023 a
798 986 918 1024 nobis.

526 1040 658 1088 Olym.
685 1038 787 1077 Date
805 1052 907 1090 ergo,
928 1039 1074 1077 daturae
1104 1039 1154 1078 10

43 1091 85 1130 Si
105 1103 275 1142 unquam
293 1092 381 1131 oetis
398 1092 510 1130 hodie
529 1105 700 1130 uxorem.

271 1147 368 1184 Stal.
400 1145 520 1184 Abite
538 1145 650 1184 intro.

547 1201 651 1238 Αηο.
677 1199 847 1249 Amabo,
868 1199 1025 1252 integrae
1041 1206 1156 1251 atque

44 1251 237 1304 Imperitae
254 1253 346 1292 huic
362 1253 573 1305 impercito.

435 1307 563 1358 Olym.
593 1305 814 1344 Futurum’
817 1314 863 1345 st.
899 1307 1048 1346 valete.

961 1363 1057 1399 Stal.
1086 1361 1159 1399 Ite.

44 1414 145 1452 Aac.
171 1414 266 1453 Jam
285 1416 418 1454 valete.

203 1471 303 1508 Stal.
328 1470 358 1508 J
359 1481 473 1507 amne
491 1468 668 1507 abscessit
681 1470 699 1507 :³

353 1524 484 1572 Olym.
513 1523 623 1561 Uxor
640 1521 746 1560 domi
765 1529 843 1560 est:
873 1533 922 1559 ne
940 1521 1046 1560 time.

887 1577 987 1613 Stal.
1011 1575 1152 1613 Euax!

45 1629 161 1667 Nunc
183 1629 286 1680 (pol)
315 1629 473 1668 demum
502 1642 573 1680 ego
602 1641 688 1667 sum
716 1628 823 1666 liber.
861 1628 1002 1666 Meum
1027 1641 1156 1666 corcu-

203 1683 301 1730 lum,
320 1683 573 1730 mellimlum,

47 1735 257 1774 Verculum
276 1736 286 1772 !

280 1790 413 1838 Olym.
437 1789 548 1827 Heus
566 1797 608 1827 tu
626 1790 635 1826 !
662 1788 780 1836 malo,
800 1789 831 1827 si
849 1789 961 1841 sapis,
982 1789 1130 1828 cavebis
1143 1803 1158 1833 ς

363 1855 450 1880 mae.
468 1852 524 1881 oet
539 1842 634 1880 haec.

629 1897 724 1934 Stal.
748 1895 859 1935 Scio:
1108 1897 1157 1933 15

44 1949 118 1989 Sed
138 1963 244 1989 meus
262 1949 409 1987 fructus
427 1956 483 1987 oet
502 1949 615 2000 prior.

209 2005 271 2042 Ol
255 2016 339 2053 μη
371 2003 479 2041 Tene
497 2002 595 2040 hanc
611 2001 843 2053 lampadem.

504 2057 602 2094 Stal.
631 2056 775 2101 Immo,
796 2068 866 2106 ego
885 2056 992 2093 illam
1012 2055 1160 2092 tenebo.

50 2110 87 2148 V
90 2122 183 2148 enus
203 2109 471 2161 multipotens!
506 2111 646 2147 bonam
666 2109 782 2146 vitam
803 2108 898 2146 mihi
