1412 2427
150 32 201 68 48
423 30 794 69 AMPHITRUO.
826 31 902 69 IV.
936 31 970 67 1.

150 132 254 169 Eum
283 133 411 172 fecisse
436 134 501 172 ille
527 132 639 171 hodie
666 140 811 184 arguet,
840 146 926 184 quae
953 144 1021 184 ego
1046 131 1164 170 fecero
1182 131 1258 169 hic.

311 187 417 233 Quid
435 187 475 226 id
494 186 608 224 mea?
1203 185 1256 221 20

150 238 243 277 Meo
270 252 332 278 me
361 253 513 290 aequum
543 240 591 277 'st
618 239 848 290 morigerum
876 239 989 290 patri,
1023 240 1104 288 ejus
1132 237 1257 276 studio

311 293 448 330 servire
467 293 631 330 addecet.

151 345 225 383 Sed
256 359 383 384 eccum
414 346 762 396 Amphitruonem:
794 346 969 384 advenit:
997 347 1078 395 jam
1100 345 1165 383 ille
1192 344 1257 382 hic

328 399 525 436 deludetur
544 401 684 448 probe;

150 451 346 502 Siquidem
367 465 431 490 vos
451 451 559 489 voltis
575 452 821 490 auscultando
839 465 988 503 operam
1009 451 1109 489 dare.

154 505 225 542 Ibo
243 505 365 550 intro;
397 514 572 543 ornatum
591 505 752 554 capiam,
773 506 839 556 qui
857 505 956 555 potis
979 505 1098 542 decet.

151 557 253 595 Dein
280 571 429 596 sursum
459 557 682 596 adscendam
710 558 750 595 in
772 566 928 607 tectum,
956 566 1000 596 ut
1029 558 1141 595 illum
1169 556 1257 595 hinc

312 611 545 662 prohibeam.
1203 612 1254 647 25

403 769 587 809 ACTUS
617 770 694 809 IV.
749 769 933 809 SCENA
963 770 997 808 Ι.

546 872 857 911 AMPmTRco.

152 977 389 1019 Naucratem
408 992 523 1030 quem
542 979 740 1018 convenire
758 979 876 1024 volui,
896 979 935 1016 in
955 978 1043 1016 navi
1057 990 1133 1016 non
1153 990 1255 1016 erat:

154 1031 291 1082 Neque
309 1031 425 1079 domi,
440 1044 562 1083 neque
579 1032 618 1069 in
638 1033 746 1080 urbe,
761 1032 910 1070 invenio
925 1043 1173 1083 quemquam,
1194 1031 1262 1083 qui

314 1084 424 1121 illum
446 1085 590 1123 viderit.

154 1135 258 1174 Nam
278 1138 422 1176 omneis
439 1138 584 1189 plateas
599 1139 824 1190 perreptavi‚
843 1138 1056 1190 gymnasia,
1077 1145 1114 1176 et
1133 1151 1261 1190 myro-

339 1191 435 1229 olia:

151 1242 268 1294 Apud
287 1204 512 1295 emporium,
537 1252 651 1297 atque
672 1245 713 1283 in
731 1246 904 1295 macello,
927 1246 967 1283 in
990 1244 1178 1296 palma,
1205 1253 1263 1284 at-

312 1306 386 1348 que
404 1298 444 1335 in
463 1299 557 1346 foro,

154 1351 202 1388 In
215 1350 422 1395 medicinis,
435 1352 475 1389 in
495 1353 702 1398 tonstrinis,
722 1353 825 1404 apud
836 1352 981 1390 omneis
1000 1352 1112 1390 aedeis
1127 1365 1262 1391 sacras.

153 1404 249 1442 Sum
276 1403 444 1442 defessus
471 1405 718 1456 quaeritando‚
746 1418 937 1456 nusquam
964 1405 1114 1443 invenio
1151 1406 1265 1443 Nau-

314 1466 466 1496 cratem.
1235 1460 1260 1496 6

154 1510 271 1548 Nunc
299 1510 458 1548 domum
484 1512 573 1556 ibo;
603 1519 718 1562 atque
740 1524 787 1549 ex
814 1522 933 1548 uxore
954 1511 1052 1550 hanc
1074 1524 1156 1549 rem
1177 1525 1263 1563 per-

312 1576 402 1613 gam
421 1565 630 1615 exquirere,

153 1615 253 1664 Quis
270 1616 397 1664 fuerit,
418 1630 533 1668 quem
551 1625 716 1669 propter,
736 1628 997 1668 eorpusffsuum
1016 1618 1137 1668 stupri
1158 1631 1264 1658 com-

314 1670 484 1720 pleverit.

154 1724 259 1761 Nam
278 1735 354 1770 me,
375 1737 494 1774 quam
514 1724 622 1762 illam
641 1724 887 1776 quaestionem
913 1724 1133 1776 inquisitam
1151 1726 1264 1766 hodie

313 1777 498 1825 amittere,

154 1830 357 1867 Mortuum
377 1831 534 1869 satiu'st.
565 1831 640 1869 Sed
660 1831 770 1869 aedeis
788 1832 1049 1870 occluserunt:
1081 1834 1261 1884 eugepae!

155 1883 303 1921 Pariter
331 1882 402 1921 hoc
432 1884 475 1922 fit
503 1893 617 1936 atque
647 1893 691 1922 ut
722 1885 796 1924 alia
827 1886 928 1923 facta
955 1893 1056 1924 sunt.
1111 1887 1265 1925 Feriam

311 1936 435 1975 foreis.
1212 1940 1258 1977 ll

153 1989 314 2040 Aperite
344 1989 427 2028 hoc.
490 1991 599 2030 Heus
617 1993 627 2030 !
674 1992 800 2045 ecquis
829 1993 892 2032 hic
929 1992 1011 2032 est?
1040 1992 1166 2045 ecquis
1195 1993 1267 2033 hoc

313 2043 433 2094 aperit
448 2045 588 2084 ostium
599 2045 617 2082 ¹?
