1412 2427
204 48 254 91 74
537 45 834 86 ASINARIA.
865 46 899 84 1.
928 46 966 84 3.

204 153 259 191 At
277 153 443 200 scelesta,
459 151 597 191 vide'n’
618 159 661 190 ut
678 164 726 191 ne
744 152 782 190 id
801 152 955 204 quidem
970 164 1032 191 me
1049 152 1208 203 dignum
1220 164 1300 190 esse

360 206 576 251 existumat,
1249 206 1302 242 23

203 259 332 308 Quem
351 259 472 349 adleat‚
487 271 611 339 ⁹quem
637 258 885 309 colloquatur,
909 259 1074 310 quoique
1094 259 1188 296 irato
1213 271 1304 308 sup-

404 326 415 349 1
459 319 496 349 t.

205 366 346 417 Atque,
362 325 511 411 {egum
537 364 711 403 illecebra
734 364 812 402 exit
837 364 1001 402 tandem.
1047 364 1211 415 Opinor,
1241 363 1305 401 hic

361 426 446 456 ante
464 417 603 455 ostium
1250 418 1302 453 25

204 472 297 510 Meo
323 471 437 509 modo
464 471 598 521 loquar
619 483 704 522 quae
730 471 870 517 volam,
896 470 1075 521 quoniam
1100 469 1204 508 intus
1229 481 1304 507 non

362 524 509 562 licitum
531 523 578 561 'st
595 523 702 561 mihi.

458 681 643 721 ACTUS
672 681 707 719 Ι.
760 681 944 720 SCENA
974 680 1056 720 ΙΙῘ.

422 787 703 826 CLEAERETA.
763 787 1094 826 ARGYRIPPUS.

207 896 337 933 Cleaer.
357 893 670 944 Unumquodque
684 893 841 931 istorum
857 894 1012 931 verbum
1028 893 1197 931 nummis
1213 893 1306 931 Phi-

361 946 496 998 lippeis
515 947 635 984 aureis

203 1000 294 1037 Non
312 1008 434 1050 potest
450 999 595 1037 auferre
613 999 702 1037 hinc
721 1013 743 1038 a
760 1012 836 1046 me„
857 999 974 1049 siquis
993 1008 1111 1037 emtor
1129 1000 1285 1038 venerit.

202 1054 285 1090 Nec
308 1060 407 1090 recte
425 1066 510 1103 quae
533 1060 574 1089 tu
594 1052 633 1089 in
660 1065 727 1090 nos
746 1052 851 1098 dicis,
872 1064 1010 1090 aurum
1034 1060 1148 1103 atque
1171 1065 1304 1103 argen-

361 1112 442 1143 tum
464 1118 611 1143 merum
631 1105 690 1143 ’st.

204 1158 324 1197 Fixus
341 1158 404 1196 hic
423 1158 524 1208 apud
539 1171 606 1196 nos
626 1167 680 1196 est
698 1158 847 1196 animus
865 1164 954 1195 tuus
973 1158 1078 1196 clavo
1090 1158 1304 1210 Cupidinis.

205 1211 380 1261 Remigio
399 1212 556 1263 veloque
575 1220 759 1262 quantum
779 1211 931 1262 poteris,
951 1211 1088 1249 festina
1106 1221 1142 1250 et
1160 1213 1262 1263 fuge.
1281 1216 1306 1250 5

203 1266 334 1312 Quam
352 1265 474 1314 magis
494 1273 529 1302 te
551 1265 589 1301 in
616 1266 735 1302 altum
762 1264 936 1313 capessis,
964 1271 1043 1302 tam
1068 1272 1181 1303 aestus
1206 1274 1242 1304 te
1266 1265 1306 1304 in

361 1326 514 1368 portum
531 1317 654 1356 refert.

204 1375 357 1420 Argyr.
379 1371 464 1420 Ego
477 1380 486 1414 (
497 1370 580 1420 pol)
597 1371 711 1408 istum
724 1370 943 1420 portitorem
957 1370 1114 1420 privabo
1131 1371 1305 1422 portorio.

204 1423 290 1474 Ego
309 1431 345 1461 te
363 1423 509 1467 dehinc,
529 1431 573 1461 ut
590 1424 723 1461 merita
747 1437 785 1461 es
807 1423 854 1460 de
875 1435 938 1460 me
962 1431 999 1461 et
1019 1424 1105 1461 me&
1130 1437 1183 1472 re⁷
1211 1433 1306 1463 trac·

364 1484 443 1513 tare
461 1489 643 1527 exsequar
660 1490 672 1521 3

204 1528 336 1576 Quom
354 1536 396 1566 tu
412 1541 488 1576 me,
500 1536 544 1566 ut
554 1529 710 1566 meritus
728 1541 826 1571 sum,
846 1540 921 1566 non
941 1536 1091 1575 tractas,
1107 1543 1193 1580 quae
1206 1531 1307 1580 ejicis

364 1581 489 1619 domo.

208 1636 338 1673 Cleaer.
367 1634 497 1684 Magis
524 1634 620 1672 istuc
648 1633 877 1685 percipimus
906 1634 1039 1686 lingui»
1067 1635 1154 1682 dici,
1189 1650 1306 1688 quam

362 1687 469 1724 factis
487 1687 577 1725 fore.
1259 1691 1309 1727 10

203 1741 359 1789 Argyr.
390 1740 501 1778 Solus
530 1740 730 1778 solitudine
751 1754 820 1791 ego
849 1741 911 1779 ted
936 1749 1050 1792 atque
1077 1740 1125 1780 ab
1147 1750 1310 1794 egestate

366 1793 528 1839 abstuli3

202 1847 314 1885 Solus
332 1847 364 1884 si
381 1846 547 1894 ductem‚
567 1846 702 1885 referre
720 1847 881 1897 gratiam
899 1860 1098 1900 nunquam
1116 1856 1235 1899 potes.

207 1902 338 1939 Cleaer.
367 1899 477 1937 Solus
495 1899 662 1949 ductato,
682 1900 712 1938 si
730 1913 876 1952 semper
897 1901 1014 1949 solus,
1035 1914 1120 1952 quae
1137 1915 1308 1953 poscam,

363 1952 484 1990 dabis.

202 2006 359 2058 Semper
382 2005 453 2044 tibi
479 2005 708 2096 piromissum
733 2007 870 2045 habeto
899 2008 971 2046 hae
995 2007 1091 2059 lege,
1120 2007 1215 2047 dum
1242 2022 1307 2047 su-

362 2071 467 2109 peres·
513 2067 600 2099 aus-
