1412 2427
160 40 233 78 152
431 39 787 77 AULULARIA.
817 39 892 77 IV.
928 40 989 78 10.

152 145 298 182 Genere
327 144 396 196 qui
428 145 499 183 sim
529 152 664 191 natus;
699 145 761 184 hic
796 146 891 183 mihi
927 154 982 184 est
1018 147 1254 197 Megadorus

311 198 520 236 avunculus
535 213 545 235 :
1201 201 1254 237 48

151 251 266 289 Meus
284 251 357 289 fuit
374 259 480 300 pater
498 251 774 290 Antimachus.
764 266 774 275 ·
795 264 865 302 ego
884 265 993 291 vocor
1012 252 1249 304 Lyconides.
1239 267 1248 275 ·

150 304 278 342 Mater
297 312 351 342 est
368 304 572 342 Eunomia.

252 359 352 395 Eue.
382 357 486 396 Novi
503 370 634 408 genus.
676 359 717 396 N
719 371 793 396 unc
811 358 904 410 quid
923 359 1009 397 vis?
1037 359 1077 397 id
1095 359 1180 397 volo
1199 360 1250 396 50

150 411 327 448 Noseere.

308 465 359 500 L
345 476 406 513 jc.
436 463 574 501 Filiam
593 477 639 502 ex
665 470 702 502 te
720 471 759 501 tu
781 464 906 502 habes.
934 478 937 482 ·

588 519 686 554 Eue.
720 518 849 554 Immo
867 517 1034 555 eccillam
1054 517 1171 555 domi.

148 571 244 619 Lyc.
273 570 374 608 Eam
394 576 435 608 tu
455 569 698 620 despondisfi,
717 570 864 620 opinor,
885 583 970 607 meo
987 571 1187 609 avunculo.

715 626 816 661 Eue.
845 623 1014 662 Omnem
1034 637 1113 661 rem
1133 631 1249 661 tenes.

148 677 245 723 Lyc.
276 675 316 714 Is
334 688 397 714 me
415 688 516 714 nunc
533 677 747 714 renuntiare
770 676 970 727 repudium
985 677 1099 726 jussit
1115 677 1197 715 tibi.

146 731 243 766 Euc.
260 728 499 778 Repudium,
516 731 627 768 rebus
645 729 797 780 paratis,
817 736 930 781 atque
947 730 1135 768 exornatis
1147 742 1247 781 nup-

303 782 391 820 tiis.
382 785 400 810 ⁹

144 835 201 873 Ut
217 834 330 873 illum
349 835 417 872 Dii
441 835 674 875 immortales
697 848 828 874 omnes
852 836 1021 887 Deaeque
1042 837 1250 887 (quantum

301 887 368 937 'st)
388 888 579 939 perduint,

140 939 272 987 Quem
300 949 466 992 propter,
489 942 600 981 hodie
622 943 705 981 auri
735 949 885 980 tantum
908 941 1067 993 perdidi,
1099 942 1246 991 infelix,

302 995 441 1033 miser!

142 1047 192 1083 L
179 1059 239 1096 ιμ’.
267 1046 380 1085 Bono
401 1047 529 1085 animo
553 1062 605 1096 ω,
633 1056 670 1087 et
691 1048 878 1087 benedice.
919 1048 1049 1096 Nunc,
1079 1061 1165 1100 quae
1191 1061 1250 1088 res

304 1100 373 1139 tibi
392 1108 429 1139 et
445 1107 571 1152 gnatae
589 1111 666 1140 tuae

142 1153 249 1190 Bene
263 1152 493 1205 feliciterque
512 1162 633 1193 vortat
651 1181 662 1192 .
681 1180 692 1191 .
705 1183 714 1193 .
732 1183 742 1193 .
762 1155 825 1193 Ita
843 1154 911 1193 Dii
929 1155 1066 1204 faxint,
1085 1154 1244 1206 inquito.

141 1208 245 1245 Eue.
275 1206 338 1245 Ita
354 1207 423 1245 Dii
438 1207 590 1246 faciant.

248 1261 346 1308 Lyc.
372 1261 427 1299 Et
444 1259 540 1298 mihi
557 1261 611 1299 ita
628 1261 697 1302 Dii
715 1261 864 1300 faciant.
907 1261 1012 1299 Audi
1030 1273 1132 1299 nunc
1146 1262 1243 1311 jam.

142 1311 224 1360 Qui
241 1312 357 1352 homo
370 1315 522 1366 culpam
537 1314 739 1353 admisitin
758 1328 810 1364 se,
831 1314 960 1352 nullus
978 1321 1034 1353 est
1044 1321 1124 1352 tam
1142 1315 1250 1366 parvi

1222 1369 1248 1404 0

141 1418 250 1466 Quin
274 1367 430 1511 ΡΞΞἙΙΞ,
456 1421 550 1472 quin
569 1429 707 1473 purget
730 1434 819 1460 sese.
859 1421 900 1459 N
903 1433 977 1458 unc
1005 1428 1042 1459 te
1068 1369 1247 1467 obtest3r‚

142 1525 183 1563 Si
203 1525 296 1576 quid
315 1487 386 1576 εὲιξ
403 1487 492 1577 ei’ga
514 1534 551 1565 te
571 1527 794 1579 imprudens
811 1526 978 1578 peccavi,
999 1533 1067 1565 aut
1090 1534 1246 1577 gnatam

140 1631 196 1669 Ut
213 1631 269 1669 mi
288 1585 472 1723 ἰὲιιιέἓέεε,
493 1646 652 1685 eamque
673 1646 831 1672 uxorem
854 1632 951 1671 mihi
972 1632 1051 1682 des,
1078 1640 1123 1671 ut
1145 1633 1248 1684 leges

294 1698 339 1733 Ju
369 1696 432 1724 ent
447 1700 456 1710 ·

140 1737 226 1788 Ego
243 1750 306 1776 me
323 1738 502 1788 injuriam
520 1740 648 1779 fecisse
665 1740 753 1778 filiae
771 1740 888 1778 fateor
906 1746 995 1788 tuae,

140 1790 285 1829 Cereris
304 1792 455 1842 vigiliis,
470 1806 537 1845 per
551 1794 697 1843 vinum,
712 1802 826 1845 atque
843 1793 1013 1845 impulsu
1032 1793 1247 1884 εᾶΟΙεεοθέ-

297 1845 372 1884 tiae.
1224 1849 1245 1883 ¹5

145 1900 239 1935 Euc-
266 1897 345 1936 Hei
362 1900 483 1938 mihi.
475 1901 483 1925 '
515 1900 620 1951 quod
637 1900 785 1940 facinus
804 1913 852 1939 ex
872 1908 909 1939 te
927 1913 997 1952 ego
1015 1901 1161 1939 audio?

873 1956 971 2004 Lye.
1000 1954 1081 1993 Cur
1098 1952 1245 2003 ejulas'?

138 2004 266 2052 Quem
284 2017 355 2057 ego
372 2019 487 2045 avum
506 2006 607 2046 feei
591 2020 674 2057 Jam
692 2015 736 2046 ut
754 2021 851 2048 esses
870 2007 958 2046 filiae
975 2007 1143 2059 nuptiis.

136 2058 241 2097 Nam
270 2065 337 2098 tua
362 2067 478 2110 gnata
504 2061 663 2113 peperit,
692 2062 851 2102 decumo
877 2074 1006 2101 mense
1032 2067 1142 2113 post·
1171 2073 1244 2099 nu-

311 2125 460 2153 merum
481 2127 584 2166 cape·
