1412 2427
434 29 773 70 BACCHIDES.
803 29 887 69 ΙΙΙ.
916 31 954 68 6.
1174 28 1246 69 191

138 136 291 186 Facere,
311 136 462 175 faceres.

435 190 540 227 Pist.
568 188 646 228 Dic
670 188 784 227 modo
803 189 1014 237 hominem,
1034 190 1102 241 qui
1121 189 1192 228 sit:
1223 189 1254 227 si

538 254 615 280 non
633 242 756 280 fecero
1199 242 1251 279 26

138 295 189 335 Ei
207 297 307 335 male
326 297 456 348 aliquo
474 303 598 347 pacto,
618 308 681 333 me
700 308 778 334 esse
804 295 918 333 dicito
937 295 1255 346 ignavissumum.

137 352 271 388 ssIncs.
301 350 484 401 Nequam
507 350 623 387 homo
650 358 730 395 est;
760 362 893 387 verum
915 348 1089 400 (hercle)
1110 349 1255 387 amicus

308 411 365 442 est
381 403 464 441 tibi.

460 458 566 494 Pist.
596 455 725 494 Tanto
743 455 866 506 magis

137 510 228 560 Dic,
243 510 329 562 quis
349 512 434 548 est?
454 521 620 561 nequam
633 509 799 547 hominis
814 520 884 560 ego
901 509 1009 561 parvi
1026 508 1151 560 pendo
1169 521 1256 559 gra-

297 563 404 601 tiam.

136 618 197 655 M
195 629 270 654 nes.
298 617 424 655 Video
442 628 517 654 non
536 623 696 668 potesse,
716 615 811 667 quin
829 615 900 654 tibi
918 616 1000 665 ejus
1018 627 1158 655 nomen
1178 616 1257 654 elo-

324 683 411 709 uar.
1199 670 1254 707 30

139 684 354 768 Pistocle‘ie,
373 723 569 775 perdidisti
586 736 650 762 me
668 723 835 762 sodalem
852 722 1037 762 funditus.

141 779 248 816 Pist.
277 777 386 826 Quid
404 778 501 816 istuc
521 784 577 815 est
592 779 609 815 ἓ

502 832 560 868 M
560 843 635 868 nes.
665 830 772 877 Quid
791 829 874 868 est?
903 830 1040 869 misine
1060 844 1130 882 ego
1147 829 1197 868 ad
1216 837 1253 869 te

620 897 669 921 ex
686 884 843 934 Epheso
861 885 1058 934 epistolam

138 937 262 989 Super
280 937 417 987 amica,
438 945 483 976 ut
500 937 599 976 mihi
615 937 802 975 invenires
816 940 834 976 ἓ

565 993 670 1029 Ρὶετ.
699 990 836 1029 Fateor
859 990 1032 1037 factum3
1064 998 1101 1030 et
1118 991 1254 1042 reperi.

138 1045 197 1081 M
195 1057 271 1083 nes.
299 1045 382 1092 Qui
397 1047 414 1083 ?
435 1044 506 1083 tibi
523 1056 600 1082 non
614 1052 693 1083 erat
702 1044 943 1082 meretricum
954 1045 1114 1083 aliarum
1129 1045 1255 1083 Athe-

298 1111 357 1136 ms
376 1111 419 1136 co
447 1111 484 1136 ia

135 1149 382 1198 Quibuscum
409 1113 564 1190 liJab'eres
591 1164 688 1200 rem,
716 1150 791 1189 nisi
817 1163 905 1190 cum
932 1151 1015 1201 illa,
1039 1164 1158 1203 quam
1186 1164 1256 1202 ego

297 1205 537 1243 mandassem
551 1205 621 1243 tibi
633 1204 652 1240 ⁰?
1202 1207 1255 1243 35

138 1257 339 1310 Occiperes
357 1266 438 1297 tute
458 1271 596 1302 amare,
619 1265 656 1296 et
673 1271 737 1297 me
754 1258 826 1298 lres
845 1258 1064 1297 consultum
1081 1258 1182 1296 male
1195 1258 1214 1295 ’ἓ

138 1313 243 1350 Pist-
278 1312 440 1351 Sanu’n'
461 1325 498 1350 es
512 1314 530 1350 ’ἓ

520 1366 658 1403 Mnes.
686 1366 790 1404 Rem
808 1365 929 1417 reperi
947 1377 1103 1404 omnem
1121 1378 1169 1404 ex
1187 1372 1255 1404 tuo

614 1419 822 1470 magistroz
851 1431 901 1457 ne
919 1431 1029 1470 nega.

136 1472 340 1511 Perdidisti
357 1485 433 1511 me.

244 1528 349 1564 Pist.
380 1526 561 1565 Etiamne
579 1526 680 1565 ultro
698 1526 774 1565 tuis
790 1538 855 1564 me
872 1527 1056 1578 prolectas
1074 1526 1221 1578 probris
1235 1528 1254 1565 ?

137 1581 270 1618 Mnes.
300 1579 434 1628 Quid?
463 1593 568 1618 amas
586 1580 820 1619 Bacchidem
832 1579 850 1616 ?

341 1635 447 1671 Pist.
467 1633 579 1672 Duas
597 1647 686 1686 ergo
703 1634 768 1672 hic
784 1633 888 1673 intus
906 1646 1012 1674 eccas
1029 1633 1252 1673 Bacchides.

138 1687 270 1725 λίπω.
298 1686 436 1733 Quid?
465 1687 579 1725 duae?

296 1742 403 1778 Pist.
434 1741 569 1792 Atque
587 1743 718 1780 ambas
736 1754 890 1780 sorores.

402 1795 534 1832 Mnes.
567 1795 754 1846 Loqueris
771 1807 874 1833 nunc
892 1807 1016 1846 nugas
1034 1794 1165 1833 sciens.
1199 1794 1252 1832 40

138 1847 244 1884 Ρὶεΐ.
254 1846 465 1894 Postremo,
477 1847 508 1885 si
519 1849 643 1899 pergis
654 1848 894 1899 parummihi
903 1849 1019 1887 fidem
1028 1848 1255 1895 arbitrarier,

138 1899 293 1938 Tanm
313 1912 383 1951 ego
399 1900 461 1938 ted
475 1901 515 1938 in
533 1901 690 1950 collum,
710 1910 824 1953 atque
842 1902 943 1940 intro
962 1901 1050 1940 hinc
1068 1902 1254 1940 auferam.

681 1957 814 1993 Mnes.
844 1956 988 2004 Immo,
1008 1955 1094 1994 ibo:
1125 1967 1251 1993 mane·

138 2008 242 2046 Pist.
270 2008 363 2046 Non
385 2019 550 2054 maneo3
579 2020 704 2060 neque
731 2016 774 2047 tu
801 2021 864 2048 me
887 2009 1045 2049 habebis
1070 2008 1164 2047 falso
1190 2020 1254 2045 su-

297 2068 481 2113 spectum.

459 2116 517 2152 M
516 2128 591 2154 nes.
619 2116 776 2168 Sequor.
