1412 2427
195 71 273 108 232
498 72 826 112 CAPTEIVEI.
852 73 913 110 ΙΙ.
945 73 980 110 l.

922 180 1074 218 Philae.
1101 179 1230 230 Spero.
1260 179 1311 216 32

212 233 339 281 Tynd.
372 231 477 269 Nam
497 239 538 270 tu
558 245 660 272 nunc
679 233 795 281 vides,
815 245 884 282 pro
902 240 969 270 tuo
993 244 1078 270 caro
1095 232 1232 283 capite,

206 286 351 323 Carum
369 284 502 322 offerre
516 298 645 324 meum
664 294 778 338 caput
794 286 943 324 vilitati.

206 340 358 377 Plciloc.
388 339 486 376 Scio.

399 393 524 441 Tynd.
553 392 610 430 At
628 393 720 430 scire
737 400 941 439 memento,
962 391 1114 443 quando
1132 391 1185 439 id,
1202 390 1304 442 quod

504 445 619 489 voles,
638 445 805 484 habebis.
1257 445 1310 482 35

206 499 310 537 Nam
335 499 412 539 fere
431 511 615 536 maxuma
642 512 727 549 pars
755 511 898 536 morem
924 498 1027 536 hunc
1048 498 1220 536 homines
1242 497 1312 535 ha-

363 555 479 592 bent:
510 551 612 603 quod
631 552 701 589 sibi
721 552 866 599 volunt,

204 605 312 644 Dum
331 607 370 644 id
388 609 605 655 impetrant,
625 605 714 643 boni
734 612 845 652 sunt;
866 604 944 651 sed,
959 603 998 642 id
1013 604 1079 643 ubi
1094 606 1177 655 jam
1195 615 1311 656 penoe

363 674 440 699 saee
455 659 610 705 habent,

205 713 270 751 Ex
289 714 396 751 bonis
416 712 581 764 pessumi
601 719 636 748 et
655 710 1006 749 fraudulentissumi

203 767 314 804 Sunt.
355 768 395 804 N
399 779 485 810 unc,
505 772 551 803 ut
568 775 604 802 te
621 764 716 801 mihi
736 765 820 802 volo
838 777 930 811 ωδε,
950 777 1028 802 esse
1046 771 1215 803 autumo.

203 819 320 866 Quod
339 820 408 858 tibi
427 818 620 864 suadeam,
640 817 819 855 suadeam
837 830 921 855 meo
939 818 1048 869 patri.
1256 817 1308 854 40

205 874 356 910 Plciloc.
380 873 465 920 Pol,
487 884 555 921 ego
574 879 623 916 te,
637 871 667 908 si
689 870 865 918 audeam,
881 883 1011 908 meum
1030 878 1175 921 patrem
1189 869 1314 908 nomi·

367 938 480 963 nem:

205 979 326 1023 Nam,
347 979 552 1017 secundum
573 985 733 1028 patrem,
756 983 797 1014 tu
817 990 855 1015 es
873 984 980 1026 pater
997 989 1220 1028 proxumus.

214 1033 341 1082 Tynd.
368 1031 513 1069 Audio.

477 1084 627 1123 Plailoc.
658 1083 712 1120 Et
729 1093 927 1133 propterea
945 1083 1080 1134 saepius
1098 1090 1150 1130 te,
1169 1090 1214 1120 ut
1229 1095 1312 1122 me·

633 1136 800 1182 mineris,
821 1148 968 1174 moneo.

209 1193 299 1230 Non
319 1204 387 1243 ego
406 1191 518 1229 herus
536 1190 619 1237 tibi,
641 1189 704 1228 sed
728 1202 856 1227 servus
881 1202 979 1228 sum.
1025 1190 1142 1228 Nunc
1160 1191 1312 1228 obsecro

370 1254 406 1283 te
423 1244 494 1283 hoc
512 1256 649 1289 unum,

207 1298 404 1346 Quoniam
422 1297 529 1336 nobis
548 1297 617 1335 Dii
633 1296 865 1334 immortales
883 1296 1056 1334 animum
1075 1296 1316 1335 ostenderunt

368 1364 496 1399 suum,
1263 1352 1316 1387 45

208 1405 264 1443 Ut
282 1405 348 1456 qui
367 1405 502 1443 herum
527 1417 589 1443 me
616 1404 686 1442 tibi
711 1402 840 1450 fuisse,
867 1410 980 1454 atque
1001 1416 1081 1441 esse
1103 1415 1206 1441 nunc
1228 1415 1315 1441 con-

366 1471 530 1504 servum,
551 1458 692 1501 velint3

206 1511 325 1558 Quod
353 1512 511 1549 antehac
539 1524 607 1561 pro
632 1511 718 1559 jure
739 1509 1005 1561 imperitabam
1031 1521 1132 1557 meo,
1156 1521 1257 1547 nunc
1280 1517 1318 1548 te

371 1577 434 1602 oro
451 1577 519 1615 per
536 1575 700 1614 precem,

209 1618 283 1655 Per
295 1618 488 1655 fortunam
506 1617 702 1663 incertam,
723 1624 759 1654 et
772 1629 840 1666 per
854 1615 931 1654 mei
950 1623 986 1653 te
1005 1628 1093 1666 erga
1109 1615 1317 1654 bonitatem

418 1679 500 1717 tus,

208 1724 359 1774 Perque
367 1683 641 1762 pcssnservitium
666 1733 883 1768 commune,
908 1721 1011 1772 quod
1034 1721 1179 1761 hostica
1196 1723 1320 1762 evenit

367 1789 501 1824 manu,

209 1830 272 1868 Ne
295 1842 359 1868 me
383 1843 488 1868 secus
511 1830 653 1867 honore
679 1828 867 1874 honestes,
894 1840 1011 1878 quam
1037 1840 1106 1879 ego
1129 1835 1181 1878 te,
1200 1842 1319 1881 quom

372 1883 535 1921 servibas
554 1882 678 1927 mihi;
1267 1885 1320 1921 50

209 1937 343 1988 Atque
361 1944 419 1983 ut,
439 1937 506 1987 qui
524 1936 653 1997 fueris,
680 1943 717 1973 et
742 1934 810 1986 qui
827 1946 930 1972 nunc
953 1936 1018 1983 sis,
1041 1935 1258 1975 meminisse
1274 1944 1320 1974 ut

370 1989 602 2027 memineris.

217 2046 344 2093 Tynd.
371 2043 458 2082 Scio
476 2042 632 2094 quidem
650 2054 713 2079 me
727 2050 764 2079 te
782 2054 860 2079 esse
876 2052 993 2089 nunc,
1012 2051 1050 2081 et
1066 2050 1104 2082 te
1121 2054 1200 2080 esse
1216 2054 1293 2081 me.

707 2095 857 2132 Phi-loc.
887 2094 1018 2134 Hem!
1048 2096 1146 2135 istuc
1162 2095 1196 2133 si
1213 2103 1321 2146 potes

210 2151 434 2190 Memoriter
443 2149 674 2195 meminisse,
690 2148 786 2186 inest
800 2160 884 2198 spes
898 2149 1006 2187 nobis
1018 2150 1055 2187 in
1075 2149 1147 2189 hac
1163 2148 1314 2188 astutia.
