1412 2427
164 47 214 85 54
333 42 703 82 AMPHITRUO.
733 43 806 82 IV.
838 42 1100 97 [supposita]

167 150 216 189 Id
248 151 363 189 Sosiae
395 152 538 190 factum
567 150 614 188 'st
642 151 767 202 opera,
797 151 863 202 qui
891 163 953 190 me
983 152 1094 191 hodie
1123 165 1274 205 quoque

323 213 544 255 praesentem
565 204 663 242 ausit

168 257 332 308 Indjgne
356 258 584 308 praevortier.

380 313 464 348 Sos.
494 310 556 348 De
574 323 637 348 me
654 310 814 355 locutus,
835 317 872 348 et
891 325 977 362 quae
996 311 1112 349 velim
1131 311 1274 349 minus.

169 363 378 402 Hominem
398 376 445 402 ne
463 363 762 413 congrediamur,
783 377 925 415 quaeso,
950 364 1174 416 priusquam
1199 372 1274 402 sto-

327 417 508 454 machum
529 414 760 468 [detexerit]
1221 419 1274 456 35

169 471 308 520 Bleph.
341 471 395 508 Ut
419 470 537 508 lubet.

274 524 311 561 A
316 524 419 572 mpla.
448 523 490 562 Si
507 523 618 560 illum
636 522 747 560 datur
774 523 886 561 hodie
907 523 1122 574 mastigiam
1140 534 1275 573 appre-

328 576 504 622 hendere,
521 576 731 622 ostendam,
751 576 845 627 quid
864 576 912 614 sit

171 629 323 667 Herum
342 629 483 678 fallere,
505 629 618 666 {ninis
636 636 673 666 et
691 629 786 667 dolis
804 630 997 667 incessere.

613 683 696 720 Sos.
723 680 888 719 Audj'n'
907 689 949 722 tu
968 682 1080 720 illum
1096 686 1114 721 ἓ

964 737 1103 785 Bleph.
1132 735 1275 774 Audio.

171 791 254 828 Sos.
294 789 398 827 Illaec
416 789 593 828 machina
610 802 712 827 meas
735 797 864 828 onerat
882 789 1066 840 scapulas.
1096 790 1274 841 Compel-

327 842 450 880 lemus
469 843 518 880 sis
535 843 741 880 hominem.

170 894 288 935 Sei‘n’
308 895 401 946 quid
419 896 535 946 vulgo
553 896 627 934 dici
644 897 767 934 solet?

561 950 700 999 Bleplz.
729 948 836 996 Quid
855 949 1022 988 dicturus
1039 949 1102 998 sis,
1122 949 1245 988 nescio
1261 963 1271 986 :

171 1001 279 1049 Quid
297 1001 367 1040 tibi
384 1002 629 1052 patiundum,
649 1002 725 1040 fere
742 1002 919 1040 hariolor.

366 1057 448 1093 Sos.
477 1055 630 1093 Vetu'st
649 1055 843 1105 adagium,
863 1056 895 1093 F
899 1068 1000 1094 ames
1019 1063 1055 1094 et
1073 1068 1178 1094 mora
1223 1056 1274 1094 40

169 1108 297 1147 Bilem
315 1108 355 1145 in
373 1120 510 1146 nasum
528 1109 715 1146 conciunt.

359 1163 496 1212 Bleph.
528 1162 676 1199 Verum
696 1161 850 1213 quidem
869 1175 889 1200 e
906 1163 989 1201 loco
1007 1163 1277 1214 compellemus

171 1214 323 1253 Alacre.
357 1215 594 1266 Amphitruo
609 1215 618 1252 !

277 1269 315 1306 A
321 1269 422 1318 mph.
451 1268 734 1319 Blepharonem
767 1268 902 1307 audio:
933 1269 1075 1307 mirum
1105 1269 1198 1320 quid
1226 1269 1275 1309 ad

330 1335 393 1359 me
411 1322 548 1360 veniat.

169 1375 396 1426 Opportune
410 1383 536 1413 tamen
551 1388 589 1413 se
603 1375 723 1423 offert,
743 1382 787 1414 ut
799 1376 928 1414 uxoris
941 1376 1040 1415 facta
1057 1375 1275 1415 convincam

330 1428 467 1478 turpia.

172 1480 280 1528 Quid
297 1480 374 1518 huc
392 1481 440 1518 ad
458 1494 534 1529 me,
554 1481 748 1531 Blepharo
762 1481 780 1517 't‘

435 1535 572 1584 Bleph.
603 1534 759 1573 Oblitus
775 1542 855 1572 tam
869 1535 955 1584 cito,
975 1548 1091 1586 quam
1109 1535 1277 1575 diluculo

172 1587 315 1625 Misisti
344 1587 392 1624 ad
420 1587 549 1625 navim
579 1587 741 1636 Sosiam,
764 1595 808 1625 ut
828 1588 940 1626 hodie
961 1597 1087 1627 tecum
1105 1590 1277 1628 convive-

422 1641 440 1662 ¹)

172 1694 318 1744 Amph.
331 1653 563 1745 re{flu-squam
592 1694 736 1732 factum
769 1695 952 1746 gentium.
1007 1696 1082 1735 Sed
1105 1695 1174 1735 ubi
1200 1645 1276 1735 ῦῗίῗ

329 1747 533 1786 scelestus?

439 1802 576 1851 Bleph.
610 1801 742 1848 Quis?

705 1856 849 1906 Amph.
885 1856 1003 1895 Sosia.

173 1908 311 1958 Bleph.
340 1907 487 1946 Eccum
509 1908 634 1945 illum.

279 1962 423 2010 Amph.
453 1961 561 2000 Ubi?

333 2015 471 2064 Bleph.
501 2016 609 2054 Ante
626 2015 775 2054 oculos:
803 2029 879 2055 non
899 2017 1033 2057 vides?

395 2068 433 2106 A
440 2069 540 2119 mph.
572 2069 654 2109 Vix
673 2069 779 2109 video
797 2083 876 2123 prae
893 2070 948 2110 ir&
959 2086 973 2120 ς
1002 2070 1095 2110 adeo
1113 2083 1175 2110 me
1193 2071 1277 2111 istic
