1412 2427
213 40 289 84 274
471 37 771 78 PROLOGUS
803 35 1067 89 [anonymus]

212 145 349 184 Latine
368 145 543 195 Plautus,
562 157 652 184 cum
669 144 821 182 latranti
838 144 1006 182 nomine.

211 199 335 237 Senex
353 199 416 237 hic
433 199 592 237 maritus
609 198 778 236 habitat.
768 211 778 220 ·
808 196 856 235 eii
874 205 929 236 est
946 197 1060 235 filius.
1265 195 1317 232 35

211 251 253 290 Is
271 265 347 290 una
366 265 453 291 cum
471 260 577 303 patre
594 251 634 289 in
651 251 769 289 illisce
785 249 932 289 habitat
950 249 1105 288 aedibus-

210 305 284 343 Est
302 305 349 343 eii
367 305 523 357 quidam
541 317 683 353 servus,
704 305 771 355 qui
788 304 830 341 in
848 305 980 342 morbo
998 304 1138 347 cubat;

213 358 342 396 Immo
361 358 528 405 (hercle)
546 370 632 396 vero
650 358 690 395 in
712 358 822 405 lecto,
843 369 891 395 ne
908 356 1001 426 qui’d
1019 354 1194 393 mentiar.

211 411 254 449 Is
272 425 398 450 servus
417 412 498 455 (sed
516 411 654 451 abhinc
671 422 788 449 annos
807 410 950 448 factum
969 409 1017 447 ’st
1034 407 1211 456 sedecim)

210 464 340 508 Quom
359 465 591 516 conspicatus
609 472 664 503 est
681 464 804 515 primo
821 462 1039 513 crepusculo
1263 459 1317 499 40

208 517 386 556 Puellam
405 519 567 569 exponi3
597 518 676 556 adit
692 517 885 567 extemplo
903 515 952 554 ad
968 514 1182 563 muham,

209 570 310 618 Quae
328 572 434 609 illam
453 573 689 623 exponebat·
720 578 815 617 orat,
834 578 879 608 ut
896 582 981 608 eam
998 569 1062 608 det
1080 568 1175 607 sibi·

208 623 387 662 Exorat‘
368 653 380 670 ‚
410 624 556 669 aufert·
544 654 556 671 ‚
585 624 722 663 detulit
738 623 839 662 recta
857 623 1041 661 domum·
1029 650 1040 660 .

208 676 290 714 Dat
307 678 407 716 herae
425 691 503 716 suae
518 691 528 715 =
559 686 654 725 orat,
670 685 714 716 ut
733 689 817 716 eam
835 686 953 724 curet,
974 676 1119 715 educet.

208 729 313 768 Hera
329 730 441 768 facit:
472 731 643 770 educavit
661 730 802 782 magna
818 729 1019 777 industria,
1261 727 1314 766 45

207 783 329 830 Quasi
349 784 381 821 si
399 792 494 822 esset
512 797 560 822 ex
579 797 616 822 se
634 792 737 831 nata,
756 795 834 820 non
851 783 975 820 multo
993 794 1112 821 secus.

207 833 457 889 [Postquam]
477 836 638 875 adolevit
655 837 704 874 ad
723 847 806 874 eam
825 843 988 883 aetatem,
1007 836 1065 874 uti
1084 834 1173 874 viris

208 889 362 927 Placere
380 897 530 940 posset:
561 897 599 927 at
619 902 703 927 eam
724 889 893 940 puellam
910 888 974 926 hic
991 900 1106 927 senex

205 943 329 981 Amat
347 943 527 990 efflictim,
547 950 584 980 et
600 943 694 980 item
712 949 840 980 contra
857 941 973 980 filius.

206 996 287 1034 Sibi
302 1008 403 1033 nunc
422 1003 581 1046 uterque
594 1003 724 1034 contra
741 995 907 1046 legiones
924 1001 1049 1046 parat,
1264 996 1316 1033 50

208 1049 320 1086 Pater
339 1049 529 1100 filiusque,
549 1049 648 1087 clam
666 1049 759 1086 alter
777 1049 954 1086 alterum.

207 1102 320 1140 Pater
338 1102 515 1152 allegavit
532 1102 717 1150 villicum,
737 1102 804 1153 qui
822 1107 989 1154 posceret

206 1155 288 1193 Sibi
307 1156 418 1193 istam
436 1168 618 1194 uxorem:
649 1156 682 1193 is
700 1163 838 1205 sperat,
857 1155 889 1193 si
903 1155 952 1193 eii
970 1155 1019 1193 sit
1037 1154 1139 1201 data,

207 1209 287 1247 Sibi
306 1208 385 1247 fore
403 1218 565 1260 paratas,
585 1209 684 1248 clam
702 1221 875 1257 uxorem,
897 1209 1075 1248 excubias
1092 1207 1193 1247 foris.

207 1262 327 1300 Filius
346 1271 475 1300 autem
493 1263 723 1314 armigerum
742 1262 918 1313 allegavit
937 1275 1064 1310 suum,
1264 1261 1316 1298 55

205 1315 287 1362 Qui
306 1316 376 1354 sibi
394 1328 476 1354 eam
496 1328 655 1355 uxorem
674 1324 816 1367 poscat.
870 1316 963 1363 Scit,
983 1316 1014 1354 si
1030 1291 1072 1353 id
1088 1315 1279 1367 impetret,

206 1367 239 1405 F
243 1376 414 1415 uturum,
434 1369 537 1420 quod
554 1377 672 1417 amat,
692 1370 791 1407 intra
807 1369 1008 1421 praesepeis
1026 1381 1125 1407 suas.

208 1422 247 1460 U
249 1435 318 1459 xor
336 1423 434 1460 senis
453 1423 568 1461 sensit
585 1424 712 1461 virum
730 1423 850 1461 amori
867 1435 1022 1473 operam
1040 1422 1154 1461 dare:

205 1474 412 1526 Propterea
431 1488 474 1514 ea
491 1477 571 1514 una
589 1476 774 1515 consentit
792 1488 880 1514 cum
899 1476 990 1514 filio.

204 1528 276 1566 Ille
295 1536 423 1567 autem
439 1537 644 1581 postquam
663 1529 779 1568 sensit
796 1529 921 1567 filium
939 1541 1054 1567 suum
1264 1528 1319 1566 60

204 1581 395 1620 Eamdem
413 1582 521 1620 illam
539 1595 680 1631 amare,
700 1589 738 1621 et
757 1595 835 1621 oese
852 1582 1127 1632 impedimento
1144 1581 1232 1631 sibi,

205 1635 310 1673 Hinc
328 1635 598 1673 adolescentem
617 1648 770 1686 peregre
787 1635 976 1684 ablegavit
992 1643 1113 1684 pater.

205 1688 335 1726 Sciens
353 1689 434 1737 ejus
452 1695 574 1725 mater
592 1688 626 1725 ei
643 1687 709 1725 dat
726 1699 895 1737 operam,
915 1687 1061 1725 absenti
1080 1695 1223 1728 tamen.

206 1741 262 1787 Is,
286 1753 334 1778 ne
353 1740 586 1792 exspectetis,
606 1740 717 1778 hodie
736 1741 776 1777 in
794 1740 866 1778 hac
883 1740 1067 1778 comoedia

203 1794 254 1831 In
272 1796 406 1832 urbem
424 1805 502 1831 non
518 1793 677 1832 redibit:
710 1793 873 1831 Plautus
891 1794 1038 1832 noluit:
1261 1795 1313 1832 65

206 1847 370 1885 Pontem
388 1847 601 1898 interrupit,
618 1846 686 1898 qui
704 1855 782 1885 erat
800 1847 834 1884 ei
851 1847 891 1884 in
909 1846 1053 1886 itinere.

207 1901 306 1938 Sunt
322 1900 401 1947 hic,
422 1913 516 1951 quos
535 1900 644 1938 credo
662 1912 764 1938 nunc
782 1900 880 1938 inter
897 1912 939 1938 se
955 1901 1099 1939 dicere.

207 1955 235 1976 “
256 1953 413 2001 Queaeo,
430 1953 596 2001 (hercle)
615 1953 708 2005 quid
726 1953 823 1992 istuc
841 1960 918 1992 aet.
909 1956 926 1981 ⁹
955 1955 1105 1993 serviles
1122 1954 1290 2006 nupn'ae.
1279 1956 1298 1981 ⁹

204 2007 360 2045 Servine
376 2020 536 2045 uxorem
554 2006 706 2054 ducent,
727 2015 794 2045 aut
811 2014 965 2058 poscent
983 2005 1083 2046 sibi?

204 2059 363 2098 Novum
381 2061 601 2105 attulerunt,
620 2060 724 2111 quod
741 2061 786 2098 fit
802 2072 994 2112 nusquam
1011 2060 1226 2112 gentium.”
1225 2083 1280 2091 —

201 2113 260 2151 At
277 2126 346 2164 ego
364 2114 425 2153 aio
441 2114 513 2152 hoc
530 2074 646 2152 fieriq
627 2126 667 2153 ιιι
688 2114 837 2153 Graecia
855 2121 892 2153 et
911 2114 1147 2165 Carthagini,
1256 2114 1306 2159 71
