1412 2427
464 68 842 108 AMPHITRUO.
874 69 907 105 Ι.
942 70 973 105 l.
1197 68 1238 103 ll

127 177 336 227 Postquam
351 176 391 214 id
401 183 530 215 actum
543 175 604 223 ’st,
618 177 721 214 tubae
729 175 926 225 utrimque
939 181 1102 212 canunt:
1119 180 1247 211 contra

127 229 319 268 Consonat
338 239 459 269 terra:
490 230 695 268 clamorem
714 229 908 279 utrimque
927 227 1099 266 efferunt.
1193 228 1215 269 7
1220 228 1244 262 3

127 283 340 334 Imperator
359 284 552 334 utrimque
569 283 659 321 hinc
677 291 714 320 et
731 282 836 320 illinc
855 281 881 320 J
882 294 943 319 ovi

129 336 231 374 Vota
251 338 453 388 suscipere,
473 337 616 374 hortari
634 336 869 374 exercitum:
1196 334 1245 375 75

129 390 206 428 Pro
225 403 264 428 se
283 391 460 443 quisque,
480 390 521 428 id
539 389 642 442 quod
661 389 822 440 quisque
839 396 962 440 potest
980 396 1018 427 et
1035 387 1148 435 valet,

128 443 247 491 Edit;
277 444 375 483 ferro
394 444 504 482 ferit·
535 444 610 482 tela
629 443 835 493 frangunt:
866 444 955 481 boat

127 497 280 536 Coelum
298 497 454 536 fremitu
473 497 622 535 virum:
654 510 701 534 ex
720 497 854 547 spiritu
874 504 989 547 atque
1007 494 1178 533 anhelitu

128 551 286 589 Nebula
304 558 473 590 constat:
504 551 646 590 cadunt
665 551 827 588 volneris
845 550 884 587 vi
902 558 938 587 et
957 549 1110 586 virium.

125 603 319 656 Denique,
339 613 384 643 ut
404 604 610 651 voluimus,
631 611 760 642 nostra
779 610 933 654 superat
952 615 1090 640 manus
1106 617 1117 640 ι
1193 603 1246 638 80

128 657 270 696 Hostes
288 658 408 697 crebri
426 658 589 696 cadunt:
620 658 736 696 nostri
755 665 883 696 contra
900 657 1100 707 ingruunt.

129 711 306 750 Vicimus
325 713 362 751 vi
380 712 533 750 feroces.

128 764 206 803 Sed
222 765 358 816 fugam
376 765 417 803 in
436 779 474 803 se
492 773 620 804 tamen
639 777 753 803 nemo
771 763 1018 811 convortitur,

127 818 213 856 Nec
230 819 371 858 recedit
388 819 485 867 loco,
506 819 601 870 quin
621 818 752 856 statim
772 831 851 856 rem
872 825 990 868 gerat.

126 871 316 910 Animam
335 873 531 920 omittunt,
552 872 775 924 priusquam
793 872 876 910 loco
895 871 1137 921 demigrentz
1195 871 1245 907 85

128 924 318 977 Quisque,
340 927 398 964 uti
417 934 582 973 steterat,
599 927 714 975 jacet,
733 926 954 986 obtinetque
971 924 1156 962 ordinem.

131 977 219 1017 Hoc
237 979 304 1017 ubi
324 980 559 1031 Amphitruo
576 979 690 1017 herus
709 979 944 1030 conspicatus
964 985 1032 1025 est,

129 1031 240 1071 mico
260 1034 404 1084 equites
421 1035 532 1083 jubet
549 1033 706 1072 dextera
723 1033 915 1071 inducere.

127 1083 290 1136 Equites
308 1094 443 1137 parent
462 1087 549 1125 citi·
580 1088 627 1124 ab
647 1086 802 1124 dextera
820 1098 1007 1124 maxumo

131 1137 231 1176 Cum
253 1139 418 1178 clamore
436 1140 622 1186 involant,
642 1139 789 1190 impetu
808 1139 946 1176 alacri.
1194 1139 1245 1177 90

130 1182 294 1229 Foedant
312 1200 348 1230 et
367 1199 566 1243 proterunt
583 1192 753 1230 hostium
773 1192 898 1242 copias
915 1193 1001 1240 jure
1020 1192 1194 1240 injustas.

129 1245 263 1283 Alere.
291 1245 508 1296 Nunquam
528 1245 643 1283 etiam
662 1245 874 1296 quidquam
894 1245 1018 1283 adhuc
1033 1246 1234 1283 verborum

292 1306 348 1337 est
367 1299 585 1350 prolocutus
603 1311 800 1349 perperam
815 1313 825 1335 ε

128 1353 310 1404 Namque
329 1365 399 1403 ego
417 1352 476 1390 fui
500 1352 579 1390 illic
596 1353 636 1389 in
656 1365 696 1390 re
714 1352 905 1403 praesenti,
927 1359 963 1390 et
982 1364 1105 1400 meuS,
1127 1364 1245 1403 quom

289 1413 507 1457 pugnatum
527 1406 588 1453 ’st,
607 1413 726 1456 pater.

127 1460 214 1497 Sos.
245 1459 465 1498 Perduelles
491 1466 690 1510 penetrant
713 1471 752 1496 se
776 1458 816 1495 in
839 1458 999 1509 fugam:
1030 1459 1084 1496 ibi
1111 1459 1248 1497 nostris

290 1513 442 1551 animus
460 1512 667 1551 additu'st:

132 1567 383 1605 vortentibus
403 1566 596 1614 Telebois,
617 1567 701 1604 telis
719 1567 1008 1617 complebantur
1027 1579 1208 1617 corpora3

129 1619 320 1672 Ipsusque
330 1620 568 1672 Amphitruo
579 1632 707 1671 regem
721 1620 912 1658 Pterelam
927 1619 995 1658 sua
1008 1619 1249 1659 obtruncavit

290 1686 423 1712 manu.
1195 1673 1248 1711 96

130 1725 228 1771 Haec
257 1727 336 1766 illic
355 1735 410 1766 δι
427 1735 597 1779 pugnata
621 1740 753 1779 pugna
770 1739 894 1778 usque
913 1740 936 1765 a
962 1739 1075 1765 mane
1093 1727 1142 1765 ad
1167 1739 1247 1764 ves-

289 1793 452 1831 perum:

130 1834 217 1872 Hoc
235 1833 329 1872 adeo
354 1834 427 1873 hoc
445 1834 691 1874 commemini
718 1835 857 1885 magiS,
881 1834 974 1886 quia
999 1833 1067 1873 illo
1090 1833 1151 1872 die
1175 1833 1248 1871 im-

293 1900 453 1938 pransus
471 1888 541 1927 fui.

127 1941 201 1980 Sed
219 1941 396 1993 proelium
413 1940 453 1979 id
473 1941 627 1981 tandem
646 1942 799 1981 diremit
817 1955 895 1981 nox
913 1942 1128 1981 interventu
1149 1953 1230 1979 suo.

129 1995 315 2033 Postridie
347 1995 388 2032 in
418 2002 536 2033 castra
566 2008 614 2034 ex
644 1998 737 2034 urbe
765 1996 814 2034 ad
842 2008 910 2035 nos
933 1996 1091 2034 veniunt
1118 1994 1248 2033 flentes

297 2048 508 2100 principes:
1174 2048 1248 2085 100

133 2101 279 2141 velatis
300 2102 476 2140 manibus
492 2111 613 2151 orant,
630 2103 871 2154 ignoscamus
891 2111 1087 2156 peccatum
1107 2113 1247 2139 suum:

139 2177 193 2187 m*
219 2176 288 2182 W„V
