1412 2427
187 42 266 79 250
498 41 827 81 CAPTEIVEI.
858 43 939 82 111.
969 44 1005 81 4.

185 147 287 186 Atra
314 147 383 198 pix
407 148 524 200 agitet
545 148 648 200 apud
672 148 912 199 carnuficem,
941 156 1084 202 tuoque
1105 148 1219 201 capiti
1246 147 1296 186 il-

193 201 710 304 Tynd.1.¹llffit}1ehramenta
734 226 925 308 loquitur:
955 255 1069 296 larvae
1095 202 1295 294 stimulaffi

346 309 483 347 virum.

183 363 292 413 Heg.
312 361 441 410 Quid.
431 364 448 390 '³
469 362 563 414 quid
582 363 614 401 si
632 363 734 401 hunc
749 362 1046 414 comprehendi
1031 362 1240 412 jusserim?

862 417 988 465 Tynd.
1009 416 1141 468 Sapias
1159 414 1297 465 magis.

182 469 311 507 Arist.
342 467 512 517 Crucior,
531 469 697 520 lapidem
724 482 799 508 non
818 470 955 508 habere
982 482 1058 518 me,
1078 478 1122 508 ut
1138 469 1196 507 illi
1213 480 1298 507 ma-

343 523 466 573 stigiae

182 575 389 616 Cerebrum
416 576 620 625 excutiam,
650 577 716 628 qui
748 589 811 616 me
837 576 1018 615 insanum
1045 575 1170 616 verbis
1199 586 1290 614 oon-

341 638 469 668 c1nnat
487 643 576 668 suis.

190 683 316 733 Tynd.
334 683 500 721 Audi’n‘
520 683 688 734 lapidem
706 683 905 734 quaeritare
922 685 939 721 ἓ

633 738 760 776 Arist.
779 736 891 776 Solus
909 743 946 775 te
964 735 1088 775 solum
1106 736 1206 783 volo,
1235 736 1293 780 70

182 789 224 828 Η
276 789 326 828 ’0.

227 802 396 893 eg¹Hcg.
414 843 534 882 Istinc
549 844 717 895 loquere,
738 844 771 882 si
790 843 883 894 quid
902 843 984 881 vis:
1013 842 1144 894 procul
1163 849 1290 881 tamen

448 897 614 934 audiam.

187 950 313 1000 Tynd.
342 950 537 1001 Namque,
557 950 730 1002 (edepol)
747 950 778 989 si
803 949 946 988 adbites
973 949 1142 1001 propius,
1162 961 1204 988 os
1228 948 1295 987 de-

341 1004 490 1042 nasabit
509 1003 578 1042 tibi

179 1055 392 1096 Mordicus.

285 1112 414 1151 Arist.
445 1110 582 1160 Neque
602 1110 714 1162 (pol)
734 1123 797 1149 me
818 1111 1011 1159 insanum,
1034 1109 1182 1160 Hegio,
1210 1120 1291 1147 esse

447 1163 608 1211 creduis,

178 1218 319 1269 Neque
343 1216 460 1256 fuisse
485 1229 674 1267 unquam,
704 1230 828 1269 neque
863 1229 942 1256 esse
965 1217 1145 1256 morbum
1175 1227 1291 1267 quem

337 1270 421 1309 istic
439 1278 627 1309 autumat.

177 1324 339 1371 Verum,
361 1324 393 1362 si
411 1323 504 1375 quid
522 1323 660 1362 metuis
677 1337 701 1362 a
717 1337 794 1374 me,
811 1325 904 1374 jube
921 1336 984 1363 me
1000 1323 1157 1363 vinciri·
1187 1322 1288 1370 volo,

175 1377 285 1416 Dum
302 1377 386 1416 istic
404 1377 536 1416 itidem
558 1377 752 1416 vinciatur.

537 1431 816 1481 Tynd.1mmo
834 1430 1039 1479 enimvero,
1059 1429 1203 1481 Hegio,
1233 1428 1287 1473 76

177 1485 284 1534 Istic,
305 1485 372 1537 qui
391 1484 483 1533 volt,
503 1484 703 1523 vinciatur

456 1538 585 1576 Arist
609 1537 712 1575 Tace
729 1536 867 1575 modo.
897 1549 967 1597 ego
985 1542 1036 1583 te,
1052 1535 1286 1574 Philocrates

174 1590 300 1638 False,
320 1590 472 1637 faciam,
492 1598 537 1628 ut
554 1603 665 1629 verus
681 1590 794 1629 hodie
811 1591 996 1641 reperiare
1014 1589 1235 1640 Tyndarus.

175 1643 283 1692 Quid
299 1644 356 1682 mi
375 1645 536 1683 abnutas
553 1647 571 1683 Ρ

466 1698 590 1748 Tynd.
622 1696 714 1736 Tibi
731 1709 801 1748 ego
818 1697 962 1735 abnuto
975 1697 994 1735 Ρ
1021 1695 1116 1748 quid
1133 1701 1236 1747 agat,
1256 1694 1288 1734 si

546 1750 646 1788 absis
662 1751 813 1800 longius
826 1753 844 1789 Ρ

175 1804 283 1853 Heg.
303 1802 411 1851 Quid
428 1803 483 1841 ais
499 1806 518 1842 ἓ
547 1803 640 1854 quid
660 1804 693 1842 si
710 1803 844 1842 adeam
862 1802 966 1841 hunc
981 1802 1159 1841 insanum
1173 1804 1192 1842 ?

604 1858 728 1906 Tynd.
750 1858 910 1907 Nugas:
938 1855 1207 1894 ludificabitur.
1232 1855 1285 1893 80

174 1909 339 1958 Garriet,
359 1923 436 1961 quo
463 1923 587 1962 neque
614 1923 681 1961 pes
708 1923 882 1962 unquam
907 1922 1032 1961 neque
1049 1917 1164 1961 caput
1181 1921 1286 1948 oom-

359 1970 471 2002 areat.

172 1976 411 2055 Ornamdina
428 2019 593 2064 absunt;
623 2017 801 2068 Ajacem,
827 2017 932 2057 hunc
948 2029 1068 2070 quom
1086 2015 1203 2065 vides,
1223 2015 1283 2067 ip-

330 2082 417 2108 sum
435 2070 550 2110 vides.

171 2126 278 2174 Heg.
298 2123 423 2163 Nihili
440 2123 563 2170 facio3
591 2131 718 2163 tamen
736 2123 860 2163 adibo.
