1412 2427
198 58 251 96 62
490 55 863 96 AMPHITRUO.
893 56 944 95 V.
977 57 995 94 1
1004 83 1015 94 .

196 166 344 204 Animo
367 166 466 205 male
489 167 563 206 ’stt
594 179 735 219 aquam
756 166 896 205 velim!
927 171 1102 216 corrupta
1123 176 1222 211 sum,
1246 172 1305 203 at-

361 233 436 270 que
455 222 629 259 absumta
647 233 747 258 sum.
1278 220 1305 256 6

197 272 325 324 Caput
350 273 476 319 dolet3
505 287 628 326 neque
662 273 790 322 audio,
821 285 944 324 neque
976 271 1094 311 oculis
1116 272 1303 323 prospicio

355 335 442 365 satls
461 341 473 372 ς

195 378 279 417 Nec
310 391 371 417 me
403 381 572 418 miserior
602 379 744 418 femina
775 381 837 428 ’st‚
871 391 993 430 neque
1024 378 1105 416 ulla
1132 379 1303 417 videatur

356 445 395 470 m
462 447 493 471 s.

198 485 261 522 Ita
290 446 513 525 heraeaiiieae
541 486 655 524 hodie
686 486 854 538 contigit.
884 487 1005 533 Nam,
1036 484 1104 523 ubi
1133 485 1309 536 parturit,

356 539 459 577 Deos
481 541 552 578 sibi
570 540 742 578 invocat:

195 590 398 643 Strepitus,
423 594 599 644 crepitus,
627 594 784 640 sonitus,
810 591 997 630 tonitrus:
1028 598 1072 629 ut
1096 592 1232 636 subito,
1260 597 1305 628 ut

353 659 522 697 propere,
539 655 582 684 ut
600 646 722 684 valide
740 644 887 684 tonuit!
1253 645 1303 682 10

195 697 276 736 Ubi
299 699 459 750 quisque
476 701 673 748 institerat,
697 699 858 738 concidit
882 699 1038 750 crepitu.
1078 698 1143 737 lbi
1163 697 1305 736 nescio-

355 765 439 802 quis
459 753 644 791 maxuma

195 803 300 842 Voce
325 806 534 844 exclamat:
568 810 596 829 “
621 807 848 854 Alcumena,
879 805 986 844 adest
1012 804 1224 850 auxilium;
1257 816 1305 843 ne

359 866 474 897 time:

193 910 248 948 Et
266 911 336 949 tibi
355 919 391 949 et
409 913 484 952 tuis
501 913 688 965 propitius
703 913 785 951 coeli
803 913 923 950 cultor
942 911 1106 950 advenit.

195 964 445 1014 Exsurgite,''
474 967 612 1018 inquit,
645 968 673 988 “
703 966 783 1018 qui,
812 973 950 1004 terrore
985 977 1086 1014 me0,
1119 964 1304 1004 occidistis

355 1031 433 1068 prae
447 1020 596 1057 metu-'⁹

195 1070 252 1108 Ut
276 1071 393 1120 jacui,
425 1085 604 1123 exsurgo.
644 1071 790 1110 Ardere
817 1071 947 1110 censui
973 1071 1109 1117 aedeis3
1139 1070 1193 1109 ita
1220 1079 1305 1110 tum

356 1126 638 1177 confulgebant.
1254 1126 1302 1162 15

193 1175 254 1215 Ibi
272 1190 335 1215 me
353 1178 532 1217 inclamat
553 1179 790 1217 Alcumena:
818 1180 900 1228 jam
918 1191 962 1217 ea
982 1191 1040 1217 res
1064 1190 1127 1216 me
1149 1178 1302 1217 horrore

353 1232 479 1271 afficit.

195 1283 340 1322 Hei-ihs
366 1286 558 1336 praevortit
580 1293 728 1325 metus:
758 1298 873 1336 ocyus
896 1298 1060 1334 accurro,
1083 1291 1128 1322 ut
1149 1284 1304 1322 sciscam

355 1339 448 1389 quid
467 1340 585 1378 velit:

194 1391 328 1442 Atque
345 1391 451 1430 illam
471 1392 644 1443 geminos
665 1393 763 1431 filios
787 1403 923 1444 pueros
944 1391 1132 1442 peperisse
1157 1390 1306 1442 conspi-

354 1457 442 1490 0013

194 1497 335 1548 Neque
353 1501 524 1536 nostrum
547 1499 750 1550 quisquam
775 1497 974 1547 sensimus,
997 1510 1114 1549 quom
1139 1498 1303 1549 peperit,

353 1563 476 1602 neque
493 1552 748 1603 praevidimus.

193 1603 271 1642 Sed
289 1603 382 1654 quid
399 1605 497 1643 hoc?
525 1606 610 1656 quis
628 1605 690 1643 hic
704 1611 758 1643 est
777 1617 904 1653 senex,
1252 1606 1304 1642 20

194 1656 277 1704 Qui
294 1665 381 1695 ante
399 1659 509 1696 aedeis
528 1667 673 1696 nostras
685 1659 735 1697 sic
750 1658 877 1708 jacet?
895 1670 1082 1696 numnam
1100 1657 1203 1696 hunc
1220 1671 1309 1710 per-

353 1711 468 1749 cussit
485 1713 640 1763 Jupiter
654 1715 671 1750 ?

195 1763 331 1810 Credo,
363 1764 520 1815 edepol:
561 1778 651 1803 narn
676 1767 763 1817 (pro
795 1765 998 1817 Jupiteri)
1028 1765 1197 1816 sepultus
1234 1772 1303 1814 est,

354 1819 462 1868 quasi
483 1819 531 1857 sit
549 1828 735 1857 mortuus.

195 1871 281 1919 Ibo,
295 1877 330 1908 et
343 1883 578 1922 cognoscam,
599 1873 770 1924 quisquis
789 1880 855 1912 est.
883 1872 1120 1924 Amphitruo
1138 1872 1200 1911 hic
1218 1871 1306 1924 qui-

355 1924 443 1962 dem
463 1926 509 1963 'st
526 1926 639 1964 herus
658 1940 781 1965 meus.

194 1978 457 2029 Amphitruo!

300 2032 446 2081 Amph.
479 2032 607 2070 Perii!

407 2087 546 2123 Brom.
575 2086 708 2137 Surge.
