1412 2427
179 59 252 99 184
470 61 805 102 BACCHIDES.
839 61 987 100 111.3.

176 167 294 211 Nam,
315 167 456 219 absque
474 175 511 206 te
530 176 639 217 esset,
659 180 729 219 ego
746 167 857 206 illum
873 168 1051 206 haberem
1071 172 1216 204 rectum
1235 163 1284 202 ad

335 220 532 272 ingenium
550 223 719 259 bonum:
1256 220 1282 256 8

177 272 293 311 Nunc
311 282 462 325 propter
480 281 516 313 te
534 281 716 326 tuamque
734 286 875 324 pravus
892 273 1014 312 factus
1032 278 1088 310 ωε
1106 270 1285 309 fiduciam

180 325 416 365 Pistoclerus.

336 382 394 418 M
394 393 471 419 nes
499 380 567 418 Dii
591 378 847 417 immortales!
878 390 1007 416 meum
1036 377 1205 415 sodalem
1222 376 1286 414 hic

441 434 623 473 nominat.
1234 429 1284 467 10

175 484 283 533 Quid
296 485 367 525 hoc
384 488 511 538 negoti
533 487 594 534 'st‚
615 485 864 524 Pistoclerum
880 482 1014 534 Lydus
1033 482 1135 535 quod
1146 482 1282 521 herum

338 547 418 578 tam
438 539 536 578 ciet⁹

177 592 286 629 Phil.
313 592 346 630 1
349 593 525 644 aulisper,
546 591 670 643 Lyde,
692 598 745 629 est
763 589 882 629 libido
898 588 1044 627 homini
1072 601 1140 628 suo
1157 587 1286 627 animo

337 647 385 684 ob
453 647 518 684 ui·

176 695 268 736 Jam
301 659 453 737 adel-{pq
449 707 614 750 tempus
644 709 762 749 quom
791 709 869 736 saee
894 695 1009 734 etiam
1046 695 1126 746 ipse
1153 693 1286 733 oderit.

340 752 494 790 Morem
513 764 646 803 geras3

174 802 285 842 Dum
311 812 499 864 oeyeatur‚
527 812 661 856 praeter
685 815 839 854 aequum
866 813 914 840 ne
936 800 1030 853 quid
1056 800 1281 853 delinquat·

336 857 428 896 sine.

175 911 279 959 Lyd.
296 910 388 949 Non
403 910 508 955 sino;
529 922 652 961 neque
666 907 842 960 equidem
860 907 986 958 illum,
1005 919 1068 945 me
1082 906 1182 956 vivo,
1202 919 1283 945 cor-

337 963 465 1023 rumpi
483 963 618 1001 sinam.
1234 960 1282 998 15

173 1015 249 1054 Sed
269 1023 326 1064 tu,
348 1016 414 1067 qui
433 1025 509 1054 tam
530 1028 598 1066 pro
617 1021 792 1066 corrupto
810 1013 902 1052 dicis
920 1025 1072 1052 causam
1092 1013 1184 1058 filio,

171 1068 369 1107 Eademne
387 1076 465 1107 erat
482 1068 563 1107 haec
581 1068 778 1119 disciplina
797 1066 880 1116 tibi,
900 1079 988 1105 cum
1007 1073 1050 1105 tu
1068 1067 1281 1106 adolescens

330 1124 444 1161 eras?

171 1173 284 1224 Nego
305 1175 373 1214 tibi
391 1174 462 1213 hoc
480 1175 589 1213 annis
608 1174 742 1226 viginti
759 1173 874 1212 fuisse
892 1172 1024 1223 primis
1043 1173 1173 1224 copiae,

169 1225 349 1288 Digitum
367 1228 480 1280 longe
498 1241 520 1266 a
534 1228 740 1280 paedagogo
754 1227 890 1279 pedem
908 1234 952 1264 ut
967 1226 1112 1264 efferres
1125 1226 1283 1267 aedibus.

170 1279 219 1317 Id
238 1281 329 1331 quoi
347 1282 543 1332 obtigerat,
565 1282 636 1321 hoc
656 1282 771 1320 etiam
790 1279 839 1318 ad
863 1279 1011 1318 malum
1029 1281 1282 1318 arcessebatur

331 1335 506 1380 malum;
1226 1333 1280 1370 20

167 1385 222 1424 Et
239 1385 446 1437 discipulus
463 1395 499 1426 et
517 1388 697 1439 magister
714 1386 1008 1438 perhibebantur
1023 1385 1202 1437 improbi.

165 1439 272 1477 Ante
290 1440 407 1479 solem
427 1441 656 1479 exorientem
674 1440 747 1478 nisi
764 1440 804 1477 in
822 1439 1036 1490 palaestram
1055 1451 1224 1486 veneras,

167 1492 356 1542 Gymnasi
374 1494 548 1544 praefecto
566 1494 670 1531 haud
687 1491 905 1531 mediocreis
922 1503 1052 1542 poenas
1067 1491 1258 1541 penderes.

166 1544 228 1582 Ibi
249 1558 375 1593 cursu,
394 1546 588 1590 luctando,
608 1546 732 1593 hasta„
752 1545 868 1591 disco,
887 1543 1091 1595 pugillatu,
1111 1544 1206 1595 pila,

165 1597 356 1647 Saliendo‚
386 1612 465 1637 sese
487 1601 711 1637 exercebant
739 1597 875 1648 magis,
904 1608 1021 1647 quam
1049 1604 1183 1645 scorto,
1212 1605 1279 1636 aut

163 1702 228 1741 Ibi
263 1663 555 1793 suiguligtatem
592 1703 858 1750 extendebant,
895 1714 971 1740 non
1007 1701 1048 1739 in
1083 1652 1278 1742 latebroiiz

165 1808 263 1846 Inde
285 1808 331 1846 de
342 1770 609 1861 ofiliinodromo
628 1817 664 1847 et
687 1809 859 1860 palaestra
883 1809 951 1847 ubi
978 1809 1180 1848 revenisses
1207 1809 1277 1849 do-

323 1875 431 1900 mum

162 1915 381 2006 Cincticulfgl
394 1892 615 1966 pr’aecinctus
644 1916 684 1954 in
716 1915 808 1954 sella
830 1916 934 1967 apud
960 1915 1186 1966 magistrum
1214 1929 1274 1956 as-

324 1981 355 2006 Sl
383 1981 487 2007 eres:

163 2021 295 2068 Quom
311 2021 452 2059 librum
470 2021 623 2072 legeres,
642 2022 673 2059 si
687 2035 804 2060 unam
822 2021 1048 2073 peccavisses
1066 2021 1270 2072 syllabam,

163 2074 287 2113 Fieret
318 2075 463 2113 corium
492 2083 571 2113 tam
604 2075 852 2118 maculosum,
880 2087 996 2126 quam
1027 2082 1081 2113 est
1115 2075 1272 2115 nutricis

314 2127 491 2179 pallium.
1211 2129 1265 2171 30
