1412 2427
122 43 172 79 44
400 39 953 81 AMPHITRUO.111.2.

543 149 631 186 Alc.
661 148 724 187 Sic
741 156 820 187 est·
851 161 939 188 vera
956 147 1141 200 Ριεὲᾱὶοο,
1172 151 1226 189 20

118 202 223 249 Nisi,
243 200 356 241 etiam
375 199 446 238 hoc
464 200 558 239 falso
577 201 664 249 dici,
683 202 972 240 insimulaturus
990 215 1042 240 es.

117 258 152 294 J
154 269 217 306 up
246 254 376 293 Nimis
395 255 606 292 verecunda
625 268 675 293 es.

418 309 508 346 Alc.
537 308 637 346 Poti'
640 308 677 346 n'
697 322 748 357 es,
769 317 812 347 ut
830 309 1015 347 abstineas
1033 313 1224 349 manum?

118 363 224 400 Nam
243 368 358 409 certo,
380 360 411 398 si
430 361 480 398 sis
499 373 625 409 sanus,
647 369 713 400 aut
733 362 855 413 sapias
874 363 977 410 satis,

117 416 249 463 Quam
269 423 311 452 tu
330 413 564 463 impudicam
583 427 662 453 esse
679 416 855 454 arbitrere
873 423 910 452 et
927 415 1118 466 praedices,

118 469 221 508 Cum
241 468 285 506 ea
304 476 345 505 tu
365 479 578 505 sermonem
596 480 663 506 nec
678 469 762 517 joco
780 481 850 506 nec
867 469 961 506 serio
1174 470 1226 505 25

118 521 210 560 Tibi
227 522 382 566 habeas,
401 520 473 557 nisi
492 520 542 558 sis
561 521 709 559 stultior
726 522 975 560 stultissumo.

115 577 210 625 Jup.
231 574 271 613 Si
286 573 380 620 dixi,
396 573 515 611 nihilo
529 574 651 624 magis
663 588 715 621 es,
731 587 854 626 neque
869 587 937 624 ego
951 587 1030 613 esse
1043 574 1222 613 arbitror:

115 629 170 666 Et
188 628 227 665 id
246 628 322 665 huc
340 626 492 673 revorti,
512 627 571 664 uti
589 639 651 665 me
670 640 875 688 purgarem
894 627 974 665 tibi.

117 681 223 719 Nam
242 692 441 731 nunquam
459 679 671 730 quidquam
689 693 775 718 meo
793 681 920 718 animo
938 680 1011 718 fuit
1030 681 1179 731 aegrius,

116 735 249 782 Quam
267 742 470 784 postquam
489 733 617 771 audivi
636 733 699 771 ted
719 746 798 772 oese
815 734 952 771 iratam
969 734 1078 775 mihi.
1173 734 1226 771 30

117 788 197 826 Cur
215 787 377 824 dixisti?
406 786 566 836 inquies.
622 787 709 837 Ego
728 783 933 838 expediam
942 780 1031 825 tibi.

114 842 223 887 Non,
245 839 411 889 (edepol)
431 852 508 890 quo
525 847 563 877 te
581 852 658 877 esse
675 840 909 891 impudicam
929 840 1143 879 crederem:

116 894 265 932 Verum
283 893 514 943 periclitatus
533 893 707 930 animum
727 906 813 931 sum
832 900 959 940 tuum,
1089 933 1091 936 Α

116 947 225 994 Quid
243 946 396 992 faceres,
417 953 454 984 et
471 958 547 996 quo
565 954 674 997 pacto
693 946 733 983 id
750 946 846 984 ferre
864 946 1071 986 induceres.
1087 961 1092 963 ’

113 1000 340 1051 Equidem'
326 1012 411 1048 Joco
429 999 496 1036 issa
514 999 686 1041 dixeram
705 999 854 1037 dudum
872 1000 956 1047 tibi,
1171 1000 1224 1037 35

114 1053 286 1091 Ridiculi
304 1066 439 1091 causa:
471 1052 531 1090 vel
548 1045 668 1090 hunc
669 1054 800 1103 rogato
819 1053 978 1091 Sosiam.

113 1108 204 1144 Alc.
226 1106 333 1154 Quin
351 1106 427 1143 huc
442 1105 596 1143 adducis
614 1118 745 1143 meum
760 1114 963 1156 cognatum
980 1106 1227 1154 Naucratem,

113 1160 271 1197 Testem
291 1172 406 1210 quem
425 1159 573 1196 dudum
593 1167 630 1197 te
648 1158 904 1198 adducturum
922 1159 1084 1208 dixeras,

117 1214 176 1251 Te
194 1214 270 1251 huc
288 1225 366 1250 non
383 1212 558 1251 venisse?

469 1268 504 1304 J
505 1280 569 1315 up.
597 1265 639 1304 Si
657 1266 751 1317 quid
769 1266 915 1304 dictum
934 1267 983 1305 ’st
998 1279 1066 1318 per
1081 1268 1228 1317 jocum,

113 1321 205 1358 Non
224 1333 379 1371 aequum
399 1320 462 1366 ’st,
481 1319 522 1356 id
540 1327 577 1357 te
595 1319 690 1358 serio
707 1321 935 1369 praevortier.
1178 1323 1232 1360 40

114 1375 203 1412 Ale.
231 1374 318 1423 Ego
337 1373 434 1410 illud
453 1372 542 1417 scio,
563 1385 681 1423 quam
699 1373 861 1411 doluerit
879 1373 981 1411 cordi
999 1385 1096 1411 meo.

114 1430 149 1466 J
150 1441 213 1477 up.
244 1427 318 1464 Per
345 1426 539 1464 dexteram
569 1433 678 1463 tuam
707 1433 759 1474 te,
785 1425 1017 1474 Alcumena,
1050 1438 1129 1474 oro,
1160 1427 1229 1464 ob-

276 1492 394 1525 secro,

112 1532 179 1570 Da
198 1532 295 1569 mihi
313 1507 411 1570 han⁷c
429 1531 604 1569 veniam:
635 1531 810 1582 ignosce3
841 1531 938 1575 irata
953 1544 1002 1570 ne
1020 1531 1102 1570 sies.

113 1588 201 1624 Alc.
229 1587 316 1640 Ego
335 1585 438 1622 istaec
456 1585 528 1622 feci
547 1587 660 1623 verba
679 1585 837 1640 virtute
837 1585 966 1632 irrita:

112 1640 244 1685 Nune,
265 1638 418 1689 quando
437 1638 544 1676 factis
562 1651 624 1676 me
642 1627 844 1691 impufficis
862 1624 1041 1686 abstines,
1173 1640 1224 1676 45

112 1694 180 1731 Ab
198 1691 401 1743 impudicis
419 1683 527 1729 dictis
546 1692 666 1729 avorti
685 1686 782 1729 voIo.

114 1747 279 1791 Valeas;
301 1745 370 1782 tibi
387 1744 527 1782 habeas
544 1758 601 1783 res
619 1751 732 1791 tuas3
761 1744 894 1783 reddas
913 1758 1029 1784 meas.

111 1801 142 1839 J
144 1801 230 1839 ube
233 1799 272 1837 n’
291 1799 348 1835 mi
365 1798 420 1836 ire
437 1798 620 1837 comites?

555 1854 649 1902 Jup.
678 1853 819 1891 Sanan'
840 1866 878 1891 es
892 1855 910 1891 ?

827 1907 918 1944 Alc.
949 1906 993 1943 Si
1010 1918 1087 1944 non
1101 1906 1228 1956 jubes,

113 1959 188 1998 Ibo
203 1966 376 2010 egomet;
407 1959 584 1998 comitem
603 1958 835 1997 Pudicitiam
854 1959 1010 1998 duxero.

114 2015 213 2062 Jup.
243 2013 376 2051 hIane.
414 2014 617 2051 Arbitratu
636 2020 702 2050 tuo
718 2013 988 2062 jusjurandum
1007 2013 1120 2062 dabo,
1176 2014 1228 2051 50

111 2066 184 2104 Me
203 2079 329 2104 meam
348 2066 530 2117 pudicam
549 2079 627 2106 esse
645 2078 806 2104 uxorem
825 2067 1050 2106 arbitrarier.

114 2119 163 2156 Id
181 2132 250 2171 ego
269 2119 300 2159 si
317 2119 423 2170 fallo,
443 2128 526 2159 tum
546 2127 597 2169 te,
617 2132 765 2159 summe
784 2118 949 2173 Jupiter,
