1412 2427
149 100 196 137 16
453 101 824 140 AMPHITRUO.
852 102 885 139 Ι.
921 102 953 139 l.

149 206 295 244 Verum
325 215 468 246 certum
484 209 531 246 'st
563 207 789 246 confidenter
810 208 1004 246 hominem
1026 214 1155 246 contra
1181 207 1258 246 col-

310 259 428 311 loqui,
1183 261 1256 298 183

150 312 231 359 Qui
264 314 406 363 possim
435 314 552 352 videri
585 313 674 352 huic
702 314 822 364 fortis,
856 328 878 352 a
908 327 969 352 me
1001 322 1044 352 ut
1072 314 1256 352 abstineat

308 379 480 405 manum.

149 421 279 457 Alere.
309 419 399 466 Quo
429 421 602 458 ambulas
631 427 686 467 tu,
722 421 789 472 qui
818 421 1035 459 Volcanum
1066 420 1105 457 in
1139 432 1255 457 cornu

312 473 529 511 conclusum
548 474 676 523 geris?
1179 473 1253 509 185

148 528 232 564 803.
265 526 372 573 Quid
397 526 435 563 id
455 527 621 577 exquiris
640 535 695 572 tu,
715 527 781 578 qui
800 527 939 578 pugnis
958 539 998 564 os
1017 538 1165 564 exossas
1183 525 1256 563 ho-

308 579 473 617 minibus
487 581 504 617 ?

150 634 278 670 Mero.
308 634 445 670 Servus
465 645 564 678 esne,
585 645 634 670 an
653 633 774 671 liber?

361 688 444 723 Sos.
476 685 695 737 Utcumque
715 687 842 724 animo
861 685 1072 724 collibitum
1093 686 1140 723 'st
1157 697 1254 722 meo.

150 741 278 777 Met-c.
310 738 419 775 Ai'n'
439 741 555 776 vero?

363 794 447 829 Sos.
476 792 551 829 Aio
570 792 776 830 enimvero.

573 847 702 882 Merc.
734 846 925 883 Verbero!

737 900 819 935 803.
845 899 1023 937 Mentiris
1041 911 1143 936 nunc
1158 900 1253 948 jam.

151 954 282 990 Alere.
303 952 362 990 At
377 953 460 1002 jam
479 951 613 990 faciam
632 959 675 988 ut
694 964 826 989 verum
844 951 946 990 dicas
964 952 1097 990 dicere.

762 1007 845 1042 803.
872 1005 978 1052 Quid
997 1018 1040 1043 eo
1061 1005 1108 1042 'st
1124 1017 1246 1065 opus.
1236 1008 1254 1032 '³

149 1060 279 1098 sslerc.
310 1058 471 1097 Possum
496 1058 600 1105 scire,
621 1071 698 1109 quo
716 1057 918 1110 profectus,
939 1059 1077 1110 quojus
1105 1058 1168 1105 sis,
1189 1065 1257 1095 aut

309 1112 402 1162 quid
421 1112 596 1149 veneris?
1182 1111 1257 1149 190

148 1166 225 1201 Sos.
254 1164 344 1202 Huc
363 1177 430 1202 eo:
452 1165 533 1202 heri
552 1164 628 1202 mei
646 1177 731 1202 sum
751 1177 833 1202 serv
835 1178 890 1203 us.
932 1164 1136 1215 Numquid
1154 1176 1255 1202 nunc

310 1230 348 1254 es
367 1217 498 1255 certior
513 1220 530 1256 ?

150 1273 279 1308 Alere.
310 1271 397 1320 Ego
418 1271 487 1308 tibi
514 1271 626 1309 istam
652 1271 763 1310 hodie
794 1272 986 1310 scelestam
1009 1270 1257 1323 comprimam

308 1324 495 1374 linguam.

473 1379 554 1415 803.
589 1377 709 1415 Haud
731 1385 863 1428 potes:

151 1431 258 1468 Bene
276 1429 488 1480 pudiceque
505 1438 727 1468 asservatur.

637 1484 768 1521 Mero.
798 1482 964 1534 Pergi’n'
984 1484 1218 1535 argutarier?

151 1536 258 1584 Quid
276 1535 379 1586 apud
397 1535 508 1574 hasce
526 1535 637 1573 aedeis
655 1537 783 1585 negoti
803 1537 850 1574 ’st
868 1537 968 1575 tibi?

697 1591 780 1627 803.
808 1590 950 1637 Immo,
971 1590 1062 1641 quid
1083 1599 1137 1629 est
1155 1591 1256 1630 tibi?

153 1644 284 1681 Mero.
317 1642 405 1680 Rex
425 1642 521 1680 Creo
538 1641 669 1692 vigiles
698 1650 899 1681 nocturnos
927 1643 1095 1694 singulos
1114 1657 1260 1696 semper

313 1696 424 1733 locat.
1185 1698 1222 1734 1‘
1235 1700 1261 1735 5

155 1752 241 1788 Sos.
269 1750 376 1839 Beine
389 1748 501 1786 facit:
536 1748 626 1800 quia
644 1760 711 1787 nos
730 1762 880 1788 eramus
898 1762 1066 1801 peregre,
1083 1702 1259 1790 tutatu-'Jst

340 1815 486 1839 omum.

152 1855 210 1893 At
228 1866 329 1893 nunc
348 1855 410 1893 abi
428 1867 541 1900 sane3
573 1855 764 1893 advenisse
782 1856 1000 1896 familiareis
1019 1858 1146 1896 dicito.

154 1909 284 1946 Mero.
317 1908 453 1946 Nescio
472 1921 589 1959 quam
608 1916 650 1946 tu
667 1909 863 1948 familiaris
886 1910 957 1949 sis:
992 1911 1065 1950 nisi
1088 1918 1260 1950 actutum

315 1961 403 1999 hinc
421 1962 515 2009 abis,

154 2014 368 2052 Familiaris
386 2015 581 2066 accipiere,
601 2014 704 2061 faxo,
724 2015 828 2053 haud
845 2016 1092 2056 familiariter.

155 2067 231 2105 Sos.
264 2068 343 2105 Hic
362 2067 556 2119 (inquam)
576 2068 705 2106 habito
724 2081 806 2119 ego,
834 2076 948 2121 atque
965 2070 1110 2110 horunc
1134 2083 1261 2111 servus

316 2133 414 2158 sum.

577 2176 704 2214 sslerc.
733 2176 790 2213 At
809 2176 914 2214 sci’n'
934 2177 1152 2227 quomodo?
1184 2179 1262 2217 200
