1412 2427
252 46 611 89 AULULARIA.
641 47 1017 100 [Supplementum.]
1119 47 1194 89 159

81 157 195 206 Illeg.
223 154 305 203 Qui
321 166 391 193 nos
409 162 518 193 vooet
531 157 549 193 ἓ
578 155 698 203 Hem,
718 154 914 205 Lyconide
931 154 942 191 Ε

483 210 591 247 Eun.
623 208 745 256 Hem,
765 207 955 247 strobile!
987 207 1083 259 quid
1102 213 1158 247 est
1172 209 1190 245 ἓ

237 317 337 366 Ι,3]ι·.
365 315 491 356 Breve
509 322 578 354 est.

502 371 618 419 Meg.
644 367 754 416 Quid
771 374 826 406 oet
841 369 859 406 ?

643 425 750 461 Stro.
778 422 860 460 Vos
877 428 989 460 test&
1008 434 1110 460 voco.
1140 422 1190 458 55

81 475 123 514 Si
141 476 416 527 quadrilibrem
435 476 563 514 aulam
582 476 666 514 auri
684 475 840 526 plenam
857 475 933 513 huc
952 474 1081 524 affero,

76 530 131 568 Et
149 529 256 568 trado
276 529 733 581 Lyconidae‚1,yconidae
751 541 814 567 me
833 541 952 567 manu

77 583 230 628 Mittin
259 584 476 636 jubetque
461 583 559 633 Juris
579 596 658 622 esse
674 596 737 622 me
755 582 844 622 mei,

81 636 193 675 Itane
212 636 402 687 spondas.
392 639 410 663 ⁹

348 691 399 728 L
385 703 446 740 jc
476 690 667 742 Spondeo·

629 745 735 783 Stro.
763 743 792 783 J
794 755 907 782 amne
925 743 1086 782 audistis
1105 743 1190 788 hoc,

80 796 198 846 Quod
216 796 347 836 dixit?

349 852 464 902 Illeg.
496 850 747 890 Audivimus.

510 907 615 943 Stro.
636 905 737 943 Jura
754 903 856 943 enim
874 917 942 956 per
959 905 989 943 J
991 917 1112 943 ovem.
1143 905 1195 942 60

84 959 181 1007 Lyc.
213 957 319 997 Hem
336 958 346 996 Ξ
376 971 453 1010 quo
470 958 642 997 redactus
660 971 745 996 sum
762 957 886 996 alieno
903 958 1032 996 malo!

85 1010 216 1049 Nimis
233 1024 373 1061 prooex
391 1025 441 1050 ω.
479 1011 596 1060 Quod
611 1012 737 1061 jubes,
757 1011 895 1049 faciam
913 1018 1054 1050 tamen.

86 1066 192 1102 Stro.
216 1065 327 1103 Heus
343 1074 386 1104 tu
402 1066 412 1103 l
434 1074 561 1104 nostra
579 1073 669 1103 aetas
686 1076 763 1103 non
781 1064 951 1102 multum
968 1064 1058 1102 fidei
1075 1065 1193 1116 gerit:

88 1118 251 1155 Tabulae
268 1126 470 1157 notantur:
501 1118 641 1156 adsunt
658 1125 770 1156 tesoes
789 1117 1013 1156 duodecim:

89 1171 263 1222 Tempus
280 1171 484 1233 locumque
502 1172 630 1210 scribit
648 1171 859 1216 actuariu33
1146 1171 1198 1209 65

88 1224 239 1262 Tamen
257 1225 448 1264 invenitur
465 1226 605 1272 rhetor,
625 1225 693 1286 qui
709 1224 855 1263 factum
873 1231 998 1276 neget.

88 1279 185 1327 Lyc.
215 1278 291 1317 Sed
311 1291 374 1318 me
392 1279 466 1318 cito
484 1252 621 1331 expedi
640 1278 701 1316 sis.

694 1333 799 1370 Stro.
829 1331 935 1370 Hem
954 1331 1097 1370 silicem
1117 1330 1200 1369 tibi.

88 1386 140 1422 L
126 1397 187 1433 jc·
219 1385 261 1423 Si
279 1397 349 1436 ego
367 1392 405 1423 te
423 1385 543 1424 sciens
553 1385 723 1434 fallam,
712 1393 766 1423 ita
785 1398 848 1424 me
866 1386 990 1435 ejiciat
1009 1385 1202 1436 Dioepiter

90 1438 224 1487 Bonis,
245 1438 349 1476 salva
363 1440 458 1477 urbe
476 1447 513 1478 et
531 1452 629 1487 aree,
649 1446 694 1476 ut
712 1450 782 1490 ego
800 1438 904 1478 hunc
921 1439 1102 1491 lapidem.
1131 1440 1200 1478 Sa—

249 1491 334 1530 ti'n'

89 1545 118 1583 J
120 1557 183 1583 am
201 1545 272 1584 feci
290 1545 392 1584 tibi?

222 1601 326 1638 Stro.
355 1600 467 1639 Satis.
505 1600 562 1639 Ut
583 1613 654 1651 ego
671 1613 810 1638 aurum
830 1607 1046 1652 apportem,
1064 1613 1120 1638 eo.
1150 1600 1202 1643 70

90 1653 239 1702 Lyc.1
258 1654 425 1704 Pegaseo
442 1654 578 1705 gradu,
598 1662 636 1692 et
654 1666 789 1693 vorans
807 1654 910 1694 viam
927 1653 1020 1693 redi.

157 1807 442 1848 chomnes.
494 1810 770 1847 Sraonuus,
819 1809 1136 1847 MEGADORUS.

402 1862 644 1901 ΕυΝοΜιΑ.
700 1862 892 1901 Eueno.

93 1970 192 2019 Lyc.
219 1969 346 2008 Grave
364 1975 421 2007 aet
438 1968 587 2007 homini
604 1969 784 2021 prudenti
801 1969 1020 2020 morologus
1038 1968 1152 2007 nimis

93 2023 248 2069 Servus,
267 2023 335 2073 qui
352 2035 481 2073 sapere
497 2022 585 2074 plus
602 2023 682 2062 volt
698 2023 789 2061 hero
807 2036 888 2061 suo.

92 2075 222 2114 Abest
239 2076 302 2114 hic
315 2075 501 2115 Strobilus
517 2075 558 2114 in
572 2077 714 2115 malam
731 2076 827 2115 liber
844 2089 1008 2124 erucem,

97 2127 221 2169 Modo
240 2129 338 2169 mihi
355 2136 529 2180 apportet
547 2129 675 2169 aulam
695 2142 788 2168 auro
805 2142 902 2181 puro
920 2141 1100 2179 gravem;
