1412 2427
212 54 290 91 218
521 52 861 92 BACCHIDES.
890 53 942 92 V.
970 53 1009 90 2.

212 160 350 198 Altera
363 160 444 208 jam
462 159 521 197 bis
539 159 695 197 detonsa
712 166 809 198 certo
826 167 895 198 est.

797 214 896 251 Bac.
914 215 942 251 I
943 239 952 249 .
971 213 1124 251 Vetulae
1275 212 1324 249 lo

216 265 315 304 Sunt
333 265 566 316 thymiamae.

549 322 644 357 Bae.
663 321 728 357 II.
747 319 805 357 At
822 320 940 356 bonas
957 318 1073 356 fuisse
1094 318 1216 357 credo.

218 374 320 410 Bac.
339 374 378 410 I.
397 371 567 419 Vide'n',
586 373 731 410 limulis
753 371 940 422 (obsecro)
962 379 1004 409 ut
1019 372 1215 409 intuentur
1228 374 1246 409 ?

217 428 315 463 Bac.
334 427 399 463 II.
419 426 590 473 Ecastor,
610 425 689 463 sine
708 425 812 463 omni
831 426 989 463 arbitror
1007 425 1156 462 malitia
1173 437 1264 462 esse.

219 480 327 517 Phil.
356 478 498 516 Merito
526 478 598 517 hoc
629 479 737 517 nobis
770 478 827 524 fit,
862 478 931 529 qui
963 477 1119 529 quidem
1154 478 1231 516 huc
1262 489 1326 515 ve-

376 543 556 570 nenmus.

218 587 315 624 Bac.
335 587 374 623 I.
396 585 591 635 Cogantur
609 584 763 636 quidem
783 585 892 622 intro.

457 641 554 676 Bac.
569 641 633 676 II.
655 638 772 675 Haud
792 638 880 682 scio,
896 638 990 689 quid
1009 650 1052 676 eo
1071 649 1166 689 opus
1185 637 1247 684 sit,
1281 637 1328 673 15

220 692 320 740 Quae
338 704 406 730 nec
424 692 561 730 lactem
581 704 649 729 nec
666 692 794 729 lanam
820 691 940 729 ullam
960 691 1112 729 habent.
1167 691 1229 730 Sic
1248 690 1329 729 sine

377 744 536 783 adstent.

219 798 427 845 Exoluere‚
449 798 581 849 quanti
599 798 718 836 fuere.
780 797 920 837 Omnis
938 797 1083 836 fructus

218 852 311 890 Jam
330 851 406 889 illis
424 851 574 889 decidit.
628 852 719 889 Non
738 851 855 898 vides,
875 859 920 889 ut
937 852 1107 902 palantes

220 905 318 943 Solae
332 905 448 942 libere
461 904 703 955 grassentur?
733 905 825 955 quin
841 912 949 942 aetate
963 904 1072 942 credo
1086 917 1164 942 esse
1177 910 1326 941 mutas:

220 958 283 995 Ne
302 958 432 995 balant
447 957 618 1008 quidem,
638 970 755 1008 quom
775 971 796 994 a
815 970 910 1007 pecu
930 967 1062 995 caetero
1080 959 1230 995 absunt.

434 1013 529 1047 Bac.
544 1013 582 1048 I.
601 1010 737 1049 Stultae
755 1018 868 1061 atque
886 1010 990 1048 haud
1008 1010 1120 1048 malae
1138 1010 1324 1048 videntur.

221 1067 316 1102 Bac.
336 1066 402 1102 ΙΙ.
425 1064 680 1102 Revertamur
697 1064 810 1110 intro,
831 1075 945 1101 soror.

570 1119 668 1155 Nic.
694 1117 804 1154 Illico
822 1118 945 1155 ambae
963 1124 1137 1155 manete:
1167 1117 1228 1155 hae
1245 1129 1332 1155 oves

674 1170 807 1208 volunt
827 1183 905 1207 vos.
1279 1171 1326 1208 21

221 1227 318 1262 Bac.
338 1227 377 1263 I.
406 1224 630 1275 Prodigium
660 1224 731 1261 hoc
758 1223 913 1275 quidem
942 1230 1019 1262 est:
1061 1223 1233 1262 humana
1263 1236 1332 1262 nos

381 1291 469 1316 voce
487 1277 681 1328 appellant
700 1289 801 1315 oves.

221 1332 332 1370 ΡΙιὶΙ.
364 1332 440 1369 Hae
463 1344 549 1369 oves
578 1331 683 1369 vobis
712 1330 854 1368 malam
885 1343 965 1368 rem
992 1342 1188 1381 magnam,
1214 1343 1331 1382 quam

381 1385 532 1433 debent,
553 1385 711 1422 dabunt.

220 1440 318 1476 Bac.
343 1441 381 1476 I.
413 1438 456 1476 Si
485 1450 602 1489 quam
634 1437 760 1483 debes,
795 1445 832 1475 te
864 1437 1033 1475 condono
1049 1451 1059 1473 :
1103 1437 1172 1475 tibi
1203 1436 1302 1475 habe
1317 1453 1329 1485 3

381 1503 580 1541 nunquam
601 1492 666 1528 abs
686 1497 723 1528 te
741 1498 882 1541 petam.

220 1545 298 1583 Sed
328 1544 423 1596 quid
453 1552 522 1590 est,
549 1551 777 1595 quapropter
805 1543 914 1581 nobis
946 1555 1011 1581 vos
1040 1543 1186 1580 malum
1217 1542 1332 1580 mini-

384 1597 518 1635 tamini
533 1600 550 1636 Ρ
1274 1598 1326 1633 25

220 1652 330 1689 Pln'l.
361 1651 466 1698 Quia
491 1657 639 1688 nostros
663 1662 779 1701 agnos
805 1650 999 1688 conclusos
1022 1649 1107 1687 istic
1125 1662 1203 1688 esse
1225 1649 1332 1688 aiunt

378 1705 486 1742 duos.

219 1758 320 1795 Nic.
352 1758 421 1805 Et,
458 1764 594 1807 praeter
629 1769 691 1795 eos
723 1769 852 1808 agnos,
886 1769 996 1795 meus
1029 1764 1085 1795 est
1115 1756 1200 1795 istic
1232 1756 1332 1795 clam

379 1809 540 1848 mordax
559 1810 686 1848 canis:

219 1862 301 1911 Qui
328 1864 401 1902 nisi
426 1864 534 1901 nobis
560 1863 821 1913 producuntur
844 1865 941 1913 jam,
971 1871 1085 1915 atque
1107 1863 1334 1902 emittuntur

378 1917 490 1964 foras,

217 1969 369 2009 Arietes
388 1978 508 2008 truces
526 1982 594 2007 nos
614 1970 779 2015 erimus;
805 1971 887 2019 jam
901 1971 941 2008 in
959 1984 1024 2009 vos
1042 1970 1330 2009 incursabimus.

218 2026 316 2062 Bac.
338 2027 374 2062 I.
393 2025 518 2070 Soror,
538 2030 607 2070 est,
628 2024 730 2074 quod
749 2032 786 2061 te
804 2024 889 2062 volo
907 2033 1056 2063 secreto.

428 2079 524 2115 Bac.
540 2079 605 2115 ΙΙ.
622 2076 724 2123 Eho,
744 2079 893 2115 amabo.

564 2132 662 2168 Nic.
687 2130 777 2178 Quo
796 2131 873 2168 illae
891 2133 1031 2170 abeunt
1047 2134 1064 2169 Ρ
