1412 2427
285 41 646 82 AULULARIA.
676 40 726 80 V·
758 39 1026 93 [Supposita.]
1146 41 1220 78 155

115 148 350 194 Quomodo?

330 202 435 240 Stra.
464 200 540 239 Vel
559 203 575 244 (
592 200 733 248 hercle)
752 201 858 239 enica
874 214 884 236 ε
915 213 1114 252 nunquam
1133 200 1222 238 hinc

374 254 471 293 feres
488 267 512 292 a
530 266 606 292 me.

498 360 810 401 SUPPOSITA
819 389 829 399 .

106 469 202 516 Lyc.
235 466 342 511 Quid
361 467 423 506 hic
440 467 635 519 quondam
655 468 827 520 pervicus
846 465 979 506 addit?

108 521 200 559 Non
216 520 374 559 feramn'
395 524 598 572 unquam?

433 577 538 614 Stro.
565 575 683 623 Quod
700 588 778 614 non
795 574 917 614 habeo
934 576 953 612 Ρ

771 631 872 679 Lyc.
898 627 1094 674 Efferaris‚
1116 639 1220 672 cave,

111 680 199 718 Nisi
219 688 389 719 actutum
410 680 491 719 seni
507 681 548 719 id
565 682 649 720 auri
665 682 826 721 redditio
845 692 913 721 εει·

657 738 762 775 Stro.
794 736 883 775 Sive
899 747 1106 787 perpensus
1124 733 1221 771 ferar

109 786 373 835 Libitinarius,
395 787 473 826 sive
491 788 749 839 pollinctorius
768 789 914 837 efferar,
935 800 1136 841 nunquam
1154 787 1221 825 da-

265 843 330 890 bo,
350 841 423 880 nisi
440 841 584 880 fodiam

108 894 150 932 N
153 893 271 933 oviter
291 893 535 947 [arrogiam.]

92 986 95 987 γ
429 950 526 998 Lyc.
553 948 626 987 Vae
644 949 758 1001 capiti
775 957 842 989 tuo
860 951 871 988 !

600 1004 703 1041 Stro.
733 1004 862 1042 Immo
880 1003 979 1042 senis
998 1010 1035 1042 et
1053 1002 1168 1054 capiti
1195 1003 1220 1040 5

106 1053 162 1093 Et
180 1055 337 1106 pectori,
357 1054 425 1106 qui
442 1055 525 1093 auri
543 1063 694 1094 tantum
712 1057 889 1107 perdidit.

803 1112 900 1160 Lyc.
930 1109 1032 1154 Quis
1049 1109 1190 1160 reperit
1202 1109 1221 1146 ἲ

113 1163 221 1200 Stro.
253 1160 381 1206 Quem
398 1162 577 1213 reperisse
594 1163 662 1202 vis.

346 1217 442 1265 Lyc.
472 1215 553 1260 Qui
570 1216 611 1254 in
629 1215 715 1255 arca
732 1216 830 1255 illud
848 1224 1064 1269 surreptum
1081 1216 1220 1255 habere

112 1267 317 1307 Autumat.

348 1324 453 1361 Stra.
482 1322 614 1367 Quam
632 1323 790 1375 pulchre
807 1324 890 1373 tibi,
916 1324 1019 1373 here,
1039 1324 1215 1363 connive-

426 1385 510 1415 rent
528 1378 642 1425 oculi,
664 1378 694 1416 si
712 1377 753 1415 id

106 1429 269 1468 Factum
295 1429 424 1468 fatfflr.
470 1431 607 1469 Ludo:
637 1430 741 1482 quod
767 1430 845 1469 lusi
871 1439 1012 1479 tecum,
1043 1443 1120 1469 non
1148 1444 1218 1483 par

266 1490 323 1521 est
340 1483 551 1523 identidem

104 1536 212 1575 Serio
230 1537 376 1575 vortier.

372 1592 472 1641 1,ῃο.
490 1590 545 1629 At
564 1603 666 1630 nunc
680 1592 763 1642 jam
781 1604 829 1631 ne
846 1605 909 1631 me
925 1591 1114 1640 irrita-wis,
1135 1591 1163 1639 i,
1184 1598 1221 1629 et

494 1657 633 1683 aurum
1170 1645 1218 1683 10

108 1695 243 1734 Redde
260 1711 269 1734 ς
302 1708 442 1749 susque
459 1698 582 1750 deque
599 1699 704 1737 haud
723 1699 852 1750 agites.

606 1755 711 1791 Stro.
732 1753 852 1800 Here,
870 1752 911 1790 id
929 1752 961 1791 si
976 1751 1215 1803 reperibitur‚

108 1800 268 1841 Certum
286 1811 342 1841 aet
359 1803 552 1856 geminam
570 1812 607 1844 te
624 1807 796 1846 lanceam
814 1806 1056 1845 confitentem
1073 1806 1182 1844 icere.

849 1861 948 1909 Lyc.
975 1859 1012 1908 Ι,
1033 1866 1070 1898 et
1089 1858 1216 1897 redde.

106 1911 211 1948 Stro.
230 1909 304 1949 vis
321 1922 488 1949 crassum
500 1911 518 1948 ?

373 1965 471 2013 Lyc.
500 1965 538 2013 1,
558 1971 595 2004 et
612 1966 738 2005 redde.

557 2021 660 2058 Stro.
689 2021 797 2067 Atat,
816 2020 1006 2059 inoessum
1025 2020 1216 2072 quaeritas.

105 2070 202 2119 Lyc.
222 2069 258 2119 1,
291 2076 328 2108 et
352 2069 476 2130 redde.
508 2071 596 2123 Ego
619 2073 669 2112 ad
694 2086 823 2113 senem
853 2087 1027 2126 propero,
1053 2081 1097 2112 ut
1124 2072 1218 2124 quid

264 2131 425 2162 conlltus
