1412 2427
220 16 295 54 204
578 14 806 53 CASINA.
835 14 892 52 ΙΙ.
924 16 960 51 8.

393 122 525 170 Olym.
557 121 693 160 Docte.

620 176 718 214 Cha.
749 176 838 226 Age
855 174 983 221 modo,
1004 173 1260 212 fabricamini.
1289 176 1344 212 52

226 229 338 266 Malo
359 229 375 276 (
391 227 533 276 hercle)
555 236 678 266 vostro
697 237 776 266 tam
797 228 939 265 vorsuti
957 226 1096 265 vivitis.

233 284 330 321 Stal.
359 280 476 320 Sci'n'
496 280 589 332 quid
608 293 711 319 nunc
725 281 840 319 facias
854 283 872 319 ‚⁹

655 335 786 383 Olym.
816 334 1003 385 Loquere.

839 389 937 425 Stal-
965 388 1073 426 Tene
1091 386 1343 437 marsupium.

228 442 323 487 Abi,
343 449 458 492 atque
475 442 631 492 opsonia
649 453 834 492 propera:
866 441 931 478 sed
949 440 1074 491 lepide
1092 441 1194 489 volo,
1293 441 1345 477 55

229 494 450 534 Molliculas
469 508 585 542 escas,
606 502 649 532 ut
667 494 749 545 ipsa
768 493 965 532 mollicula
979 493 1040 532 'st.

1063 548 1192 596 Olym.
1223 546 1346 585 Licet.

232 604 330 641 Stal.
360 601 492 639 Emito
510 601 683 652 sepiolas‚
704 601 872 652 lepadas‚
891 600 1189 652 lolligiuncuhs,

235 655 436 694 Hordeias.

451 710 548 748 Cha.
578 709 722 757 Immo,
742 709 933 755 triticeias,
953 708 984 746 si
1003 707 1116 759 sapis.

174 759 177 761 ¹
239 763 336 801 Stat.
367 761 509 800 Soleas.

401 816 498 854 Cha.
525 814 608 862 Qui
629 814 795 866 (quaeso)
816 815 957 866 potius,
977 827 1096 874 quam
1115 814 1353 866 sculponeas,

236 869 390 916 Quibus
408 870 588 906 batuatur
606 868 676 906 tibi
694 881 750 915 os,
771 881 885 906 senex
904 868 1179 918 nequissume.
1302 869 1354 905 60

241 924 369 971 Olym
401 920 467 958 Vi’
472 920 510 957 n’
530 921 773 971 lingulacas?

397 976 494 1012 Stal.
524 973 632 1021 Quid
650 986 747 1025 opus
764 982 833 1021 est,
854 973 1008 1024 quando
1026 985 1125 1012 uxor
1143 973 1277 1012 domi’
1282 981 1318 1012 st
1333 977 1352 1012 ἓ

236 1030 297 1066 Ea
315 1028 508 1078 lingulaca
525 1027 634 1065 nobis
653 1036 731 1065 est:
762 1039 853 1065 nam
873 1039 1072 1078 nunquam
1091 1034 1202 1065 tacet.

240 1083 369 1130 Olym.
400 1081 447 1118 In
468 1094 507 1118 re
526 1080 715 1131 praesenti,
735 1093 782 1118 ex
801 1080 910 1132 copia
927 1079 1102 1131 piscaria,

238 1135 458 1182 Consulere,
479 1133 573 1185 quid
593 1146 733 1183 emam,
753 1142 916 1185 oportet.

815 1188 912 1226 Stat.
942 1187 1120 1238 AEquum
1139 1200 1249 1234 oras;
1279 1186 1354 1225 abi.

235 1244 410 1292 Argento
428 1241 532 1292 parci
551 1241 639 1279 nolo
655 1255 665 1278 z
696 1249 879 1290 opsonato
898 1241 1086 1292 ampliter.
1300 1241 1353 1278 65

238 1297 344 1334 Nam
363 1295 459 1332 mihi
478 1294 600 1332 vicino
618 1294 689 1332 hoc
707 1294 822 1332 etiam
842 1302 1027 1333 convento
1045 1295 1093 1333 'st
1111 1307 1222 1346 opus,

240 1350 310 1397 Ut,
331 1348 436 1400 quod
454 1347 650 1395 mandavi,
671 1355 786 1386 curet.

692 1402 821 1451 Olym.
850 1403 995 1440 Jamne
1013 1404 1107 1440 abeo
1122 1404 1140 1440 ‚⁹

1112 1456 1210 1493 Stat.
1240 1453 1356 1493 Volo.

243 1511 340 1549 Cha.
372 1509 515 1547 Tribus
533 1521 610 1546 non
629 1509 789 1547 conduci
806 1509 947 1560 possim
966 1508 1216 1556 libertatibus,

241 1564 350 1611 Quin
369 1575 440 1612 ego
458 1562 534 1600 illis
553 1562 664 1600 hodie
683 1574 898 1613 comparem
917 1573 1102 1612 magnum
1116 1561 1292 1606 malum3

242 1617 445 1667 Quin-que
474 1615 572 1653 hanc
593 1627 746 1653 omnem
772 1627 852 1653 rem
878 1627 974 1653 meae
995 1614 1095 1652 herae
1114 1615 1197 1664 jam
1219 1614 1357 1652 faciam

402 1669 543 1719 palam.
1302 1668 1326 1711 7
1329 1670 1355 1706 0

243 1722 453 1761 Manifesto
472 1730 580 1759 teneo
598 1722 638 1759 in
657 1721 759 1759 noxa
778 1721 952 1761 inimicos
971 1734 1089 1761 meos.

243 1776 332 1822 Sed,
354 1776 385 1813 si
404 1787 506 1812 nunc
524 1775 644 1813 facere
663 1775 742 1812 volt
759 1775 850 1813 hera
869 1776 1035 1815 officium
1055 1788 1185 1823 suum,

244 1831 387 1869 Nostra
405 1828 529 1866 omnis
547 1828 593 1866 lis
612 1837 690 1866 est:
722 1829 879 1879 pulchre
898 1836 1102 1880 praevortar
1119 1829 1219 1868 viros
1236 1843 1248 1867 z

244 1884 386 1922 Nostro
405 1881 532 1920 omine
550 1882 579 1919 it
597 1882 676 1920 dies
692 1896 702 1919 :
730 1883 812 1931 jam
831 1883 920 1920 victi
938 1883 1109 1921 vicimus.

244 1938 317 1975 Ibo
335 1935 448 1982 intro,
468 1941 511 1972 ut
529 1935 583 1982 id,
604 1935 707 1986 quod
725 1936 822 1974 alius
841 1936 1007 1975 condivit
1024 1948 1149 1984 cocus,
1304 1936 1356 1980 75

243 1991 332 2040 Ego
350 2001 452 2026 nunc
471 1988 634 2026 vicissim
653 1998 696 2026 ut
715 1988 789 2027 alio
807 1997 918 2039 pacto
935 1989 1125 2036 condiam‚

243 2041 445 2093 Quidquid
464 2050 639 2092 paratum
661 2043 723 2089 ’st,
744 2051 787 2080 ut
801 2051 976 2094 paratum
996 2055 1043 2081 ne
1059 2043 1155 2086 siet;

243 2097 397 2147 Sietque
416 2095 449 2134 ei
469 2103 659 2146 paratum,
681 2096 784 2147 quod
801 2104 978 2148 paratum
997 2108 1073 2135 non
1092 2104 1185 2135 erat.

650 2257 670 2265 s
