1412 2427
160 53 184 88 [ὗ

187 52 238 89 ¹0⁰,

484 51 815 91 CAPTEIVEI.
844 53 880 90 Ι.
912 52 946 89 1.

436 211 621 251 ACTUS
649 211 684 250 Ι.
740 211 926 252 SCENA
953 211 989 249 1.

576 319 854 357 ERGASILUS.

162 426 190 464 J
194 433 354 465 uventus
372 437 512 464 nomen
530 423 670 463 indidit
689 425 819 462 Scorto
837 424 948 471 mihi,

163 479 224 516 Eo
242 480 332 530 quia
350 480 543 517 invocatus
561 478 662 517 soleo
680 490 757 515 esse
775 477 815 514 in
834 477 1016 516 convivio.

164 532 249 571 Scio
268 533 428 571 absurde
446 532 591 570 dictum
608 531 679 569 hoc
698 531 876 569 derisores
895 530 1030 577 dicere,

163 585 222 623 At
241 599 311 636 ego
330 586 389 624 aio
405 593 502 624 recte
518 600 528 623 ε
559 597 663 631 nam,
684 584 725 621 in
743 584 927 631 convivio,
947 583 1019 622 sibi

164 639 343 686 Amator,
365 639 459 677 talos
478 651 594 690 quom
610 638 715 687 jacit,
736 645 899 675 scortum
923 638 1084 675 invocat.
1246 639 1272 675 5

165 692 286 730 Estne
303 692 534 739 invocatum,
556 704 604 729 an
623 703 699 729 non
714 693 731 729 ‚⁹
761 697 815 728 est
832 691 1076 741 planissume.

166 745 329 793 Verum,
350 745 520 797 (hercle)
541 757 673 783 verum
692 756 761 782 nos
778 744 933 794 parasiti
951 743 1118 795 planius,

166 798 276 846 Quos
308 811 508 850 nunquam
540 798 742 850 quisquam
774 809 897 848 neque
925 803 1033 836 vocat
1064 808 1187 848 neque
1215 796 1276 834 in-

325 861 454 890 vocat:

166 905 288 952 Quasi
307 917 448 951 mures,
469 917 616 955 semper
635 903 783 942 edimus
801 903 969 941 alienum
987 903 1127 942 cibum.

168 958 247 996 Ubi
266 971 322 996 res
343 959 496 1009 prolatae
514 966 615 1005 sunt,
635 969 753 1008 quom
772 969 836 994 rus
854 956 1026 995 homines
1044 963 1151 1006 eunt,
1227 957 1276 994 10

168 1011 294 1049 Simul
313 1012 468 1062 prolatae
487 1024 544 1049 res
563 1019 652 1048 sunt
670 1009 806 1047 nostris
825 1009 1013 1048 dentibus.

169 1064 304 1111 Quasi,
326 1077 414 1102 cum
433 1065 589 1111 caletur,
610 1063 769 1102 cochleae
786 1063 826 1100 in
841 1063 987 1101 occulto
1003 1063 1137 1111 latent,

170 1118 249 1156 Suo
269 1118 339 1155 sibi
358 1130 467 1156 succo
487 1119 636 1163 vivunt,
656 1129 716 1154 ros
735 1116 766 1154 si
789 1127 864 1154 non
887 1116 1012 1163 cadit3

170 1170 270 1208 Item
290 1171 456 1222 parasiti,
480 1172 592 1209 rebus
610 1169 779 1221 prolatis,
799 1169 918 1207 latent

171 1223 221 1261 In
240 1225 412 1270 occulto;
442 1225 569 1262 miseri
588 1223 760 1262 victitant
777 1235 888 1261 succo
906 1235 989 1271 suo,
1234 1222 1282 1261 15

175 1276 287 1315 Dum
301 1278 380 1315 ruri
398 1285 530 1316 rurant
547 1277 734 1323 homines,
755 1289 850 1327 quos
867 1276 1082 1327 ligurriant.

175 1330 339 1369 Prolatis
357 1333 481 1375 rebus,
502 1330 654 1382 parasiti
674 1329 834 1368 venatici

172 1384 339 1422 Sumus:
370 1385 524 1436 quando
537 1397 595 1422 res
612 1383 818 1429 redierunt,
837 1382 1040 1431 molossici,

173 1436 420 1489 Odiosicique
438 1445 475 1476 et
496 1439 664 1476 multum
687 1435 1015 1474 incommodistici.

173 1490 229 1528 Et
246 1491 310 1529 hic
328 1491 497 1542 quidem,
521 1489 691 1542 (hercle)
711 1489 783 1527 nisi
800 1489 867 1540 qui
885 1489 1061 1540 colaphos
1078 1488 1223 1540 perpeti

176 1543 282 1581 Potis
299 1545 500 1595 parasitus,
519 1543 719 1594 frangique
737 1542 842 1580 aulas
860 1542 899 1578 in
918 1549 1046 1593 caput,
1233 1541 1282 1579 21

176 1596 249 1634 Vel
270 1598 324 1635 ire
343 1606 449 1636 extra
465 1605 613 1649 portam
635 1595 898 1646 Trigeminam
916 1595 965 1632 ad
986 1608 1136 1634 saccum
1153 1594 1255 1633 licet.

177 1649 296 1696 Quod
314 1651 410 1687 mihi
428 1663 475 1689 ne
494 1651 653 1694 eveniat,
673 1648 902 1686 nonnullum
921 1649 1205 1699 periculum'st.

178 1703 300 1750 Nam,
321 1711 522 1754 postquam
541 1715 650 1741 meus
668 1715 735 1740 rex
755 1710 810 1740 est
826 1701 969 1752 potitus
986 1701 1170 1750 hostium,

178 1756 241 1794 Ita
259 1756 361 1795 nunc
379 1757 602 1808 belligerant
620 1756 744 1794 AEtoli
761 1768 850 1793 cum
869 1755 982 1793 Aliis.
1233 1756 1286 1794 25

180 1810 287 1847 Nam
306 1810 452 1848 AEtolia
470 1811 551 1849 haec
569 1818 646 1848 est:
676 1809 755 1848 illic
773 1809 937 1860 captu'st
954 1809 995 1847 in
1011 1808 1132 1847 Alide

180 1863 482 1913 Philopolemus,
502 1864 618 1912 hujus
638 1863 826 1913 Hegionis
843 1861 944 1900 filius

179 1916 301 1965 Senis,
323 1917 391 1968 qui
404 1916 468 1955 hic
484 1917 653 1964 habitat3
683 1930 768 1967 quae
787 1916 885 1953 aedes
902 1915 1134 1954 lamentariae

181 1969 287 2007 Mihi
305 1977 418 2015 sunt3
450 1983 545 2022 quas
565 1971 876 2021 quotiescumque
893 1969 1095 2020 conspicio,
1114 1968 1198 2007 fleo.

182 2024 223 2061 N
226 2036 300 2061 unc
317 2023 378 2061 hic
396 2024 539 2075 occepit
557 2032 747 2075 quaestum
764 2023 869 2060 hunc
885 2021 955 2060 filii
973 2022 1096 2073 gratia
1240 2023 1293 2061 30

184 2077 451 2126 Inhonestum,
470 2090 652 2116 maxume
671 2077 840 2114 alienum
856 2075 1009 2126 ingenio
1027 2088 1119 2115 suo:

184 2129 374 2169 Homines
392 2130 559 2182 captivos
576 2136 864 2178 commereatur,
884 2129 918 2168 si
935 2135 1050 2182 queat
