1412 2427
308 9 670 49 AULULARIA.
701 9 754 61 [S
755 13 952 62 upplemcn
958 18 1052 51 tum.
1060 15 1075 65 ]
1178 16 1248 54 161

134 114 342 167 hymnide,
360 113 593 166 principium
611 120 648 151 et
667 120 796 151 auctor
814 115 910 151 tanti
928 117 1033 163 boni,
1194 119 1245 162 37

133 170 220 208 Hac
237 180 307 219 ego
325 175 362 206 te
380 166 470 205 aula
488 167 572 205 auri
589 166 784 205 condono:
814 167 975 219 accipias
992 170 1152 208 lubens:

133 223 262 260 Tuam
280 221 378 260 hanc
397 233 474 259 esse
493 220 592 268 volo,
615 226 650 258 et
668 219 788 258 filiam
806 232 934 259 meam
958 222 1086 268 simul,

132 276 324 314 Praesente
342 273 568 325 Megadoro,
589 280 626 312 et
644 285 766 312 sorore
785 275 880 323 ejus,
900 276 1022 326 proba
1195 280 1246 316 40

131 328 339 368 Eunomia„

344 382 441 431 Lyc.
471 380 524 419 Et
542 381 718 428 habetur,
739 388 776 419 et
793 380 954 420 refertur
971 383 1106 433 gratia,

131 436 188 475 Ut
206 434 363 474 meritus
382 448 435 483 ες,
455 447 557 472 socer
571 441 772 485 exoptatus
790 434 902 483 mihi,
922 435 1075 475 Euclio.

133 492 235 528 Eue.
264 489 443 527 Relatam
463 487 560 526 mihi
577 488 666 526 satis
679 489 824 539 putabo
842 489 1020 540 gratiam,

132 543 175 582 Si
193 542 338 581 donum
359 548 546 590 nostrum,
571 548 608 580 et
628 554 692 580 me
713 541 855 593 ipsum,
880 543 1040 595 accipias
1061 556 1163 584 nunc
1185 546 1248 584 lu-

293 597 400 634 bens.

132 652 229 699 Lyc.
247 649 420 699 Accipio,
441 656 478 687 et
496 647 708 699 Euclionis,
727 649 826 698 volo,
846 661 932 688 mae
951 650 999 688 sit
1016 651 1164 690 domus.
1192 653 1243 690 45

135 706 242 743 Stro.
284 702 402 749 Quod
433 709 559 747 restat,
590 702 694 751 here,
726 714 829 742 nunc
859 712 1068 755 memento,
1098 714 1143 744 ut
1173 705 1244 745 sim

289 756 398 794 liber.

133 812 231 860 Lyc.
258 809 378 848 Recte
395 809 590 849 monuisti.
629 808 725 847 Esto
742 809 878 849 merito
896 811 992 850 liber
1010 820 1088 858 tuo,

133 864 172 903 O
192 863 369 910 strobile,
390 870 427 901 et
447 865 638 902 turbatam
654 863 735 912 jam
754 863 859 903 intus
877 877 1021 904 coenam
1040 881 1145 919 para.

133 920 238 957 Stro.
269 918 516 968 spectatores,
536 924 712 954 naturam
729 930 866 956 avarus
883 919 1022 958 Euclio

132 970 328 1010 Mutavit:
357 970 522 1008 liberalis
541 970 665 1008 subito
682 970 804 1009 factus
821 979 889 1010 Ξῖ.
1192 977 1244 1012 50

131 1025 194 1064 Sic
211 1024 434 1063 liberalitate
451 1023 607 1062 utimini
624 1036 690 1062 vos
709 1037 861 1075 quoque
873 1039 886 1063 z

133 1079 202 1127 Et,
222 1078 255 1117 si
271 1077 403 1116 fabula
419 1078 642 1130 perplacuit,
662 1077 760 1116 clare
777 1077 959 1129 plaudite.

982 2141 1085 2177 '1¹3
