1412 2427
429 36 803 76 AMPHITRUO.
828 36 888 74 ΙΙ.
918 36 952 73 1.
1198 36 1248 78 ’27

131 142 251 181 Domi
269 151 307 182 te
325 155 404 182 oese
424 155 541 192 nunc,
562 142 630 194 qui
647 142 712 180 hic
731 143 820 182 adoe
832 142 851 179 ἱ)

849 198 931 234 Sos.
951 195 1055 233 Vera
1073 194 1168 233 dico.
1201 196 1248 232 12

131 248 271 299 Amph.
305 250 462 288 Malum
481 251 491 287 !
523 249 626 302 quod
655 249 726 287 tibi
750 249 819 287 Dii
842 249 1004 297 dabunt,
1036 255 1151 299 atque
1179 261 1248 299 ego

291 303 404 342 hodie

131 354 260 395 Dabo.

290 413 372 450 Sos.
404 411 510 450 Istuc
528 412 599 450 tibi
618 420 672 450 est
690 412 730 450 in
749 423 869 449 manu
885 425 894 448 :
925 423 1018 449 nam
1035 416 1126 447 tuus
1146 421 1248 447 sum.

128 463 275 513 Amph.
302 464 408 502 Tun'
423 478 498 513 me,
514 467 682 512 verbero,
699 465 815 503 audes
828 465 966 503 herum
983 463 1189 502 ludifacere
1203 465 1220 500 Ξ·

129 515 234 554 'run’
254 517 294 556 id
311 518 434 557 dicere
451 519 581 568 audes,
601 519 704 571 quod
722 532 836 557 nemo
854 531 1029 570 unquam
1046 517 1162 555 homo
1180 528 1249 553 an-

288 572 396 611 tehac
1190 570 1206 606 1

126 622 251 671 Vidit,
271 637 340 664 nec
358 634 482 677 potest
500 627 595 674 fieri,
615 634 785 678 tempore
802 638 881 664 uno

127 677 260 716 Homo
278 679 382 717 idem
401 681 550 719 duobus
568 681 659 719 locis
677 689 720 718 ut
739 681 856 718 simul
874 679 951 718 sit?

128 731 210 769 Sos.
239 733 429 782 Profecto,
449 742 493 772 ut
511 734 660 786 loquor,
679 747 738 773 res
756 734 810 772 ita
829 741 897 772 est.

128 840 161 878 P
185 839 253 878 τὼ
287 841 296 865 ν
752 788 894 838 Amph.
923 786 1082 838 Jupiter
1101 793 1138 824 te

163 852 184 878 e
254 847 269 877 t
286 870 296 878 .

293 893 370 932 Sos.
401 894 510 942 Quid
536 896 629 934 mali
655 909 758 943 sum,
786 895 889 943 here,
919 894 989 932 tuiz
1015 907 1063 932 ex
1092 906 1131 931 re
1158 905 1247 944 pro-

394 949 552 987 meritus
566 952 584 988 Ρ
1191 949 1244 984 20

126 1000 267 1052 Amph.
299 1002 493 1052 Rogasne,
527 1003 714 1055 improbe,
745 1003 875 1050 etiam,
907 1001 976 1053 qui
1007 1000 1119 1039 ludos
1151 1000 1244 1039 facis

286 1067 349 1093 me
363 1058 381 1094 ἓ

126 1109 204 1145 Sos.
234 1107 378 1146 Merito
396 1110 599 1148 maledicas
617 1110 729 1157 mihi,
750 1109 781 1147 si
801 1109 842 1147 id
859 1109 913 1147 ita
931 1109 1077 1147 factum
1097 1108 1168 1146 'stz

126 1161 275 1198 Verum
292 1160 398 1200 haud
415 1163 579 1200 mentior
595 1178 607 1209 ;
636 1176 774 1214 resque
793 1163 851 1200 uti
869 1163 983 1209 facta,
1003 1161 1099 1199 dico.

127 1214 265 1264 Amph.
292 1214 424 1254 Homo
442 1216 503 1254 hic
523 1217 647 1254 ebrius
666 1227 735 1263 est,
756 1224 800 1253 ut
819 1216 964 1266 opinor.

738 1269 815 1308 Sos.
845 1268 1005 1308 Utinam
1023 1268 1078 1306 ita
1096 1279 1214 1306 &esem
1232 1268 1242 1304 !

125 1321 266 1371 Amph.
293 1321 432 1373 Optas,
453 1336 543 1374 quae
561 1323 673 1362 facta.

472 1376 551 1414 Sos.
574 1378 710 1427 Egone
725 1380 742 1415 Ρ

528 1431 669 1480 Amph.
692 1430 757 1468 Tu
776 1430 884 1469 istic:
910 1429 979 1468 ubi
997 1428 1154 1468 bibisti?
1190 1431 1244 1467 25

125 1481 201 1520 Sos.
228 1481 436 1533 Nusquam
455 1484 634 1535 equidem
653 1484 744 1522 bibi.

599 1539 738 1588 Amph.
761 1537 871 1586 Quid
889 1537 961 1576 hoc
979 1536 1028 1576 sit
1045 1535 1212 1575 hominis
1229 1537 1238 1574 !

124 1589 201 1627 Sos.
231 1589 427 1640 Equidem
446 1591 569 1630 decies
587 1592 669 1630 dixi
684 1605 694 1628 z

124 1642 246 1681 Domi
265 1656 336 1693 ego
354 1657 455 1693 sum,
475 1645 662 1697 inquam3

124 1696 277 1747 Ecquid
295 1698 403 1736 audis
416 1698 434 1734 Ρ
463 1706 501 1736 et
519 1699 623 1751 apud
640 1707 678 1737 te
696 1711 825 1737 assum
845 1698 953 1738 Sosia
970 1697 1086 1736 idem.

124 1750 259 1787 Sati’n’
278 1749 350 1788 hoc
367 1751 494 1802 plane,
1187 1752 1240 1789 30

124 1803 260 1893 {ati'n'
281 1803 429 1849 diserte,
448 1805 551 1853 here,
572 1819 674 1845 nunc
693 1805 822 1844 videor
840 1805 911 1843 tibi
928 1806 1081 1844 locutus

163 1868 221 1894 sse
236 1858 253 1894 Ρ

230 1910 371 1960 Amph.
397 1911 486 1950 Vah
502 1914 512 1952 Ξ
538 1926 660 1966 apage
677 1922 715 1952 te
733 1927 757 1952 a
774 1913 863 1951 me!

778 1966 855 2005 Sos.
879 1966 987 2015 Quid
1006 1973 1063 2005 oet
1080 1967 1207 2017 negoti
1223 1968 1239 2004 ἓ

124 2016 264 2067 Amph.
293 2017 416 2057 Poetis
435 2027 471 2058 te
490 2028 603 2060 tenet.

606 2075 684 2113 Sos.
711 2076 818 2114 Nam
833 2087 900 2112 cur
918 2073 1016 2112 istuc
1036 2073 1128 2112 dieis
1142 2075 1159 2110 ἴ·

120 2123 314 2173 Equidem
333 2126 453 2175 valeo7
476 2136 512 2166 et
530 2128 656 2167 salvus
675 2142 759 2168 sum
780 2135 892 2175 recte,
913 2127 1167 2179 Amphitruo·
