1412 2427
258 61 616 104 AULULARIA.
649 60 1023 113 [Supplementum]
1120 59 1194 104 157

307 249 971 304 SUPPLEMENTUM

451 392 830 442 AULULARIAE,

86 525 184 561 Ant.
207 521 334 560 Codro
360 521 494 563 Urceo,
514 521 633 568 Italo,
663 520 891 558 Scholastica
917 522 954 555 et
973 517 1199 568 Professore

138 575 389 616 Bononiensi,
417 578 585 621 auc-tore,
612 576 678 623 qui
704 575 807 610 vixit
831 573 900 610 sub
921 573 1052 623 Impp.
1072 573 1198 622 Sigis-

138 629 284 668 mundo
301 633 338 666 et
356 628 563 666 Friderico
581 629 663 665 III
686 627 825 676 Augg.

395 758 436 770 ..
459 729 888 782 ..quodnonhabeo?

914 784 1012 833 Lyc.
1044 781 1197 828 Petam,

86 840 197 880 Velis
215 838 326 886 noliS‚
346 851 468 890 quum
487 845 524 876 te
543 836 828 889 quadrupedem
846 836 1055 875 strinxere:

88 894 143 933 Et
159 893 352 932 herniosos
369 901 479 932 taetae
497 891 547 930 ad
565 893 712 929 trabem
730 891 801 929 tibi

86 947 282 986 Divenam
299 958 477 998 appenso.
518 945 594 983 Sed
611 957 678 982 eur
696 944 736 981 in
753 944 881 982 faucoe
899 955 1026 982 moror

89 1002 224 1051 Hujus
243 999 386 1038 scelesti
403 998 538 1037 ruere?
567 1006 603 1036 et
621 998 790 1035 animam
807 997 980 1048 protinus
1172 997 1197 1033 5

88 1055 170 1093 Cur
183 1065 260 1092 non
278 1053 464 1105 compello
480 1052 602 1090 facere
618 1051 689 1089 iter
708 1057 980 1102 praeposoerum
994 1051 1012 1088 ?

87 1107 185 1155 Das,
206 1119 255 1145 an
275 1118 352 1146 non
369 1109 387 1146 ?

304 1163 410 1200 Stro.
438 1158 567 1197 Dabo.

467 1214 564 1261 Lyc.
581 1211 663 1250 Dae
682 1218 726 1249 ut
744 1222 862 1258 nunc,
882 1221 958 1248 non
978 1208 1085 1256 olim,
1105 1211 1205 1248 volo.

91 1270 198 1307 Stro.
226 1265 292 1305 Do
312 1269 420 1317 jam:
451 1265 531 1314 sed7
557 1278 621 1303 me
642 1264 812 1303 animam
835 1264 996 1315 recipere
1021 1263 1133 1311 sinas,
1167 1271 1205 1302 te

93 1375 159 1415 Ah
177 1375 187 1412 !
219 1333 418 1426 ahrqgcauid
436 1380 481 1411 ut
496 1373 600 1422 dem,
619 1371 755 1424 posciS‚
775 1370 864 1410 here
880 1372 898 1409 ἒ

754 1426 852 1474 Lyc.
882 1423 1031 1471 Nescis,
1051 1424 1204 1462 scelus?

90 1482 144 1521 Et
162 1481 291 1520 aulam
309 1480 394 1519 auri
410 1480 564 1532 plenam
581 1477 852 1531 quadrilibrem
872 1477 968 1516 mihi
1156 1478 1205 1515 10

93 1535 225 1574 Audes
243 1547 394 1586 negare,
415 1547 533 1586 quam
552 1532 650 1571 dixti
667 1531 782 1570 modo

91 1589 153 1628 Te
170 1589 372 1640 arripuisse
385 1590 403 1627 ἓ
434 1587 536 1626 Heia
554 1587 564 1624 !
592 1587 676 1636 jam
695 1585 762 1623 ubi
779 1597 882 1623 nunc
899 1584 1054 1623 lorarii?

93 1644 199 1682 stro.
229 1642 348 1690 Here,
368 1640 459 1680 audi
477 1652 609 1693 pauoe.

620 1694 717 1743 Lyc.
747 1692 838 1730 Non
860 1691 986 1730 audio.
1030 1690 1178 1730 Lorarii
1194 1691 1203 1729 !

94 1749 230 1789 Heus!
255 1748 373 1787 heus!

363 1802 460 1840 Lor.
488 1800 597 1846 Quid
615 1802 704 1839 est?

665 1855 763 1904 Lyc.
792 1853 924 1892 Parari
942 1860 1090 1892 catenas
1108 1853 1206 1891 volo.

96 1911 203 1949 Stro.
231 1908 356 1956 Audi,
375 1921 530 1959 quaeso:
560 1914 645 1960 post
664 1919 727 1946 me
744 1907 863 1959 ligare
876 1907 1032 1957 jusseris
1160 1907 1207 1944 15

97 1963 300 2009 Quantum
318 1962 421 2000 libet.
1244 2005 1250 2010 ι

376 2016 474 2066 Lye.
505 2011 635 2053 Audio
651 2029 663 2053 ε
694 2014 759 2053 sed
777 2027 858 2053 rem
877 2013 1059 2066 expedias
1076 2026 1206 2064 ocyuS.

94 2071 200 2109 Stro.
229 2068 272 2108 Si
289 2081 352 2108 me
369 2067 536 2120 torqueri
550 2068 705 2117 jusseris
723 2067 772 2107 ad
790 2079 936 2114 necem,
956 2067 1042 2106 vide

91 2123 198 2169 Quid
215 2135 457 2176 consequare.
501 2121 695 2170 Primum,
716 2121 813 2161 servi
831 2120 993 2160 exitium
1015 2120 1132 2159 habae
1145 2134 1157 2156 2

139 2187 244 2217 v01..
268 2187 299 2216 1.
1019 2184 1045 2210 P
