1412 2427
184 53 258 90 106
500 53 792 93 AslNARIA.
821 55 895 93 IV.
925 57 962 92 2.

572 161 727 198 Diabol.
746 160 906 198 Verum.

720 215 860 253 Parus.
878 215 996 265 Ergo,
1017 221 1061 252 ut
1075 215 1200 263 jubes,
1229 215 1281 250 45

178 265 344 304 Tollam.

280 321 433 358 Diabol.
455 319 631 367 Quidni?

466 375 604 411 Parus.
626 373 731 411 Audi
749 374 906 425 reliqua.

748 429 901 465 Diabol.
923 426 1123 477 Loquere;
1153 425 1280 464 audio.

173 481 313 517 Paros.
332 479 470 530 Neque
488 480 612 517 ullum
632 482 790 518 vetbum
808 480 921 518 faciat
938 478 1207 530 perplexabile,

172 532 311 582 Neque
328 533 408 570 ulla
427 533 561 583 lingua
578 533 670 572 sciat
684 533 790 584 loqui
809 532 881 570 nisi
902 532 1042 571 Attica.

173 585 287 622 Forte
305 586 335 622 si
352 586 485 624 tussire
503 587 676 637 occepsit‚
697 599 744 625 ne
763 587 814 624 sic
829 586 976 633 tussiat,

170 638 227 677 Ut
245 638 452 689 quoiquam
470 639 640 689 linguam
660 639 700 676 in
721 639 910 677 tussiendo
925 637 1102 690 proferat.
1224 638 1278 676 50

172 690 290 737 Quod
308 691 373 728 illa
391 701 519 730 autem
538 693 703 737 simulet,
725 692 832 743 quasi
851 692 1013 742 gravedo
1031 690 1208 742 profluat,

172 743 259 782 Hoc
278 755 325 781 ne
343 744 394 782 sic
411 745 522 783 faciat
537 760 546 783 :
578 753 619 783 tu
637 746 821 784 labellum
840 747 1050 794 abstergeas

173 797 321 843 Potius,
341 811 458 848 quam
477 799 685 849 quoiquam
705 799 850 837 savium
869 798 981 836 faciat
997 798 1140 848 palam.

173 849 257 888 Nec
273 858 394 888 mater
411 852 498 889 lena
516 852 565 889 ad
583 852 716 889 vinum
735 851 887 890 accedat
903 851 1070 898 interim,

170 903 254 941 Nec
272 904 342 941 ulli
361 906 472 942 verbo
489 905 590 943 male
609 904 718 943 dicat.
774 905 815 943 Si
837 904 989 951 alixem,
1220 905 1272 941 55

170 956 267 993 Haec
285 957 408 995 multa
427 958 461 995 ei
478 965 570 1005 esto,
591 958 678 996 vino
698 958 832 1009 viginti
849 957 928 995 dies

169 1009 225 1047 Ut
245 1017 379 1047 careat.

301 1065 454 1101 Diabol.
475 1063 612 1102 Pulcre
631 1063 774 1114 scripsti
790 1077 800 1100 :
831 1063 966 1101 scitum
985 1061 1269 1113 syngraphum!

169 1116 313 1152 Paros.
334 1116 456 1163 Tum,
475 1117 506 1154 si
525 1129 691 1161 coronas,
710 1124 821 1164 serta,
841 1123 1038 1166 unguenta
1051 1115 1205 1164 jusserit

168 1168 364 1207 Ancillam
383 1170 479 1207 ferre
498 1182 607 1208 suam
623 1170 764 1208 Veneri
782 1178 849 1208 aut
862 1168 1058 1220 Cupidini,

169 1220 281 1259 Tuus
300 1234 429 1261 servus
447 1231 581 1268 servet,
600 1223 791 1262 Venerine
809 1236 871 1261 eas
889 1222 966 1271 det,
985 1234 1035 1260 an
1054 1221 1148 1260 viro.
1220 1221 1273 1260 60

167 1274 209 1312 Si
226 1274 322 1312 forte
339 1288 433 1326 pure
450 1276 547 1314 velle
563 1276 702 1314 habere
721 1276 871 1324 dixerit,

167 1326 245 1365 Tot
263 1336 389 1366 noctes
407 1328 539 1367 reddat
555 1342 718 1381 spurcas,
738 1336 831 1380 quot
848 1341 961 1379 puras
978 1328 1189 1367 habuverit.

166 1379 263 1417 Haec
281 1389 370 1419 sunt
388 1394 465 1419 non
483 1394 619 1432 nugae;
648 1394 724 1419 non
744 1382 845 1420 enim
863 1382 1077 1420 mortualia-

164 1434 316 1472 Diabol.
335 1435 492 1473 Placent
503 1430 675 1486 'profecto
693 1435 807 1484 leges.
860 1435 1023 1485 Sequere
1039 1434 1152 1472 intro.

945 1489 1089 1524 Paras.
1107 1488 1265 1538 Sequor.

423 1647 609 1686 ACTUS
638 1646 714 1685 IV.
744 1646 927 1686 SCENA
955 1647 1015 1685 II.

441 1753 697 1791 DIABoLUS.
730 1753 1003 1793 PAnAsrrus.

158 1859 312 1897 Diabol.
342 1859 506 1910 Sequere
531 1858 616 1897 hac.
669 1859 796 1910 Egon'
824 1859 905 1898 haec
932 1860 1054 1911 patiar
1065 1860 1084 1898 ’ἓ
1116 1868 1183 1900 aut
1209 1868 1267 1900 ta-

245 1960 253 1965 ,
320 1925 424 1950 ceam
435 1912 453 1949 ἱ)
482 1913 599 1950 emori

154 1966 226 2004 Me
243 1966 390 2012 malim,
409 1978 527 2016 quam
544 1965 625 2004 haec
642 1978 719 2004 non
738 1968 821 2016 ejus
837 1968 950 2006 uxori
966 1967 1142 2007 indicem.

151 2019 258 2058 Ai’n'
277 2028 319 2058 tu
330 2019 348 2055 ‘3
376 2018 480 2069 apud
498 2018 660 2057 amicam
678 2032 820 2058 munus
838 2020 1105 2059 adolescentuli

150 2073 354 2124 Fungare;
384 2072 496 2110 uxori
513 2084 667 2111 excuses
685 2080 735 2118 te,
754 2081 791 2111 et
809 2074 910 2112 dicas
928 2086 1055 2112 senem
1066 2073 1085 2110 ἲ

151 2125 351 2176 Praeripias
369 2132 532 2165 scortum
552 2126 708 2173 amanti,
729 2133 844 2177 atque
862 2134 1061 2179 argentum
1078 2127 1218 2167 obicias
1237 2131 1262 2166 5
