1412 2427
134 98 158 132 8
509 97 596 135 AM
604 96 677 135 PH
684 96 876 137 ITRUO.

413 229 598 298 ACTUS
619 259 656 297 1.
713 258 896 298 SCENA
917 257 953 296 1.

447 366 593 404 Sos1A.
621 364 915 403 Menenium.

124 476 205 512 Sos.
237 474 317 521 Qui
342 485 404 511 me
429 473 521 510 alter
545 479 601 510 est
622 471 799 510 audacior
821 471 951 518 homo,
981 478 1047 508 aut
1074 472 1141 522 qui
1170 484 1231 510 me

281 525 538 573 confidentior,

121 580 345 617 Juventutis
377 592 498 617 mores
526 579 594 630 qui
622 578 751 626 sciam,
784 579 851 630 qui
879 577 952 616 1100
980 577 1099 616 noctis
1130 578 1232 616 solus

280 632 473 670 ambulem
491 634 508 670 ?

121 685 228 733 Quid
246 685 382 723 faciam
409 697 524 734 nunc,
545 685 576 723 si
594 685 762 723 Tresviri
789 697 851 723 me
867 684 907 722 in
926 696 1110 723 carcerem
1129 696 1232 722 com-

463 741 480 766 9

121 791 218 829 Inde
236 739 605 843 crgsetiegitbtmtuaria
623 791 718 830 cella
737 791 936 842 depromar
953 791 1001 829 ad
1021 791 1209 842 flagrum,

121 844 203 882 Nec
222 857 372 883 causam
399 845 508 882 liceat
528 845 649 883 dicere
666 844 775 893 mihi,
797 857 919 896 neque
939 844 978 882 in
1006 844 1098 882 hero
1117 843 1233 895 quid-

279 911 395 949 quam
415 899 536 936 auxili
556 899 649 936 siet·
637 926 649 944 ‚
1203 900 1228 934 5

120 950 204 989 Nec
223 951 424 1002 quisquam
450 951 511 998 sit,
532 952 624 1003 quin
651 965 714 990 me
732 963 861 990 omnes
883 964 960 990 esse
978 950 1140 1001 dignum
1163 950 1230 988 de-

277 1012 435 1054 putent:
466 1005 536 1051 ita,

118 1056 240 1104 Quasi
271 1057 461 1106 incudem,
492 1071 555 1096 me
583 1058 763 1096 miserum
795 1058 969 1096 homines
1002 1065 1084 1096 octo
1112 1057 1227 1095 validi

278 1110 421 1148 caedant
436 1124 445 1146 :
475 1111 529 1148 ita

118 1163 279 1213 Peregre
297 1163 497 1201 adveniens
515 1164 679 1215 hospitio
697 1163 903 1215 publicitus
922 1163 1095 1215 accipiar.

117 1216 213 1253 Haec
231 1216 311 1254 heri
329 1216 568 1254 immodestia
587 1217 720 1267 coegit,
741 1230 804 1255 me
822 1217 889 1268 qui
906 1216 978 1256 hoc

118 1268 250 1306 Noctis
269 1283 291 1306 a
309 1276 421 1320 portu
441 1269 612 1320 ingratiis
631 1270 819 1308 excitavit.
1178 1271 1225 1308 10

116 1323 256 1360 Nonne
273 1322 375 1360 idem
393 1323 464 1360 hoc
481 1324 559 1361 luci
576 1336 638 1361 me
656 1323 805 1362 mittere
822 1323 976 1374 potuit?

115 1375 310 1425 Opulento
327 1375 474 1413 homini
491 1376 562 1414 hoc
580 1376 738 1414 servitus
756 1377 850 1413 dura
869 1384 947 1420 est3

115 1429 201 1465 Hoc
220 1428 341 1478 magis
359 1428 471 1466 miser
491 1437 546 1466 est
564 1429 690 1466 divitis
709 1442 859 1467 servus:

114 1481 155 1518 N
157 1489 330 1531 nctesque
348 1480 501 1531 diesque
519 1481 666 1519 assiduo
685 1481 773 1519 satis
791 1494 977 1532 superque
997 1487 1064 1525 est,

114 1534 204 1581 Quo
221 1534 320 1571 facto
339 1541 405 1570 aut
424 1534 523 1572 dicto
542 1535 646 1572 adest
664 1547 772 1585 opus,
793 1535 942 1585 quietus
961 1547 1008 1572 ne
1027 1534 1090 1573 sis.
1174 1536 1221 1572 15

114 1587 203 1638 Ipse
222 1587 413 1635 dominus,
433 1587 535 1625 dives
553 1588 687 1639 operis,
707 1595 744 1625 et
761 1587 899 1626 laboris
917 1601 1063 1638 expers,

114 1641 395 1690 Quodcumque
414 1640 561 1678 homini
579 1640 713 1678 accidit
730 1641 858 1688 libere,
879 1653 986 1691 posse
1003 1648 1124 1678 retur:

114 1694 292 1744 1²Equum
311 1706 390 1731 esse
407 1701 517 1744 putat
533 1709 543 1731 :
574 1707 651 1732 non
669 1702 833 1745 reputat,
852 1694 990 1732 laboris
1008 1694 1101 1744 quid
1121 1693 1192 1732 sit:

113 1747 155 1784 N
157 1759 211 1794 ec,
232 1759 384 1798 aequum
404 1759 501 1784 anne
518 1747 695 1798 iniquum
712 1748 884 1798 imperet,
905 1747 1094 1798 cogitabit.

112 1799 219 1850 Ergo
238 1800 277 1837 in
298 1800 474 1838 servitute
489 1808 672 1852 expetunt
689 1802 812 1839 multa
829 1801 980 1851 iniqua:
1166 1803 1220 1839 20

113 1853 350 1891 Habendum
369 1860 406 1891 et
422 1853 622 1892 ferendum
639 1854 711 1891 1100
728 1867 823 1892 onus
842 1861 896 1892 est
914 1867 1002 1891 cum
1022 1854 1163 1892 labore.

114 1909 173 1944 M
171 1919 247 1944 erc.
275 1906 401 1945 Satius
430 1914 487 1944 est
518 1920 581 1945 me
611 1907 718 1959 queri
747 1907 814 1945 illo
840 1907 955 1945 modo
985 1907 1219 1956 servitutem,

270 1959 383 1998 hodie

113 2013 192 2056 Qui
209 2012 346 2050 fuerim
366 2013 481 2052 liber:
517 2027 605 2053 eum
623 2026 725 2053 nunc
741 2014 876 2066 potivit
893 2021 1000 2065 pater

111 2066 333 2104 Servitutis:
363 2067 438 2115 hic,
458 2068 525 2119 qui
543 2080 656 2107 verna
673 2075 785 2107 natus
804 2075 872 2116 oct,
893 2067 1076 2118 queritur.

109 2121 204 2158 Sum
224 2132 309 2158 vero
326 2133 442 2159 vema
459 2123 624 2159 verbero.

404 2177 484 2212 Sos.
504 2175 677 2214 Numero
695 2176 789 2214 mihi
808 2176 846 2213 in
868 2182 1030 2213 mentem
1053 2174 1138 2221 suit,
1169 2175 1218 2210 25
