1412 2427
184 40 235 76 82
501 39 799 78 ASINARIA.
831 39 890 77 11.
920 41 957 76 2.

331 145 443 182 Leon.
475 145 562 183 Hoc
578 153 801 183 testamento
818 144 986 184 Servitus
1004 146 1105 195 legat
1124 144 1205 182 tibi.
1236 144 1288 181 40

186 198 324 235 Liban.
353 197 490 236 Verbis
509 198 765 236 velitationem
782 197 863 236 fieri
881 199 1082 250 compendi
1101 198 1199 237 volo.

185 249 292 297 Quid
309 250 406 289 istuc
431 252 559 301 negoti
578 251 652 290 ’st?

452 305 568 342 Leon.
599 305 756 344 Certum
775 304 822 342 'st
839 303 985 343 credere
998 307 1016 342 Ρ

810 358 948 395 Liban.
976 357 1172 396 Audacter
1188 356 1289 395 licet.

189 412 308 448 Leon.
337 410 396 448 Sis
416 410 559 448 amanti
577 411 775 448 subvenire
792 410 968 448 familiari
986 411 1079 457 filio,

187 463 359 501 Tantum
388 463 492 502 adest
518 462 607 502 boni
635 463 852 515 improviso,
878 476 1010 502 verum
1039 463 1292 502 commixtum

344 516 470 563 ma103
1240 516 1291 553 44

187 569 334 608 Omnes
353 569 400 606 de
417 570 523 607 nobis
542 569 773 608 carnuficum
791 569 1150 608 concelebrabuntur
1163 569 1254 607 dies.

187 622 348 669 Libane,
369 635 469 660 nunc
488 622 645 660 audacia
662 621 785 660 usu’st
803 623 910 661 nobis
934 623 1089 661 inventa
1107 629 1144 660 et
1162 621 1269 660 dolis.

190 675 362 713 Tantum
392 676 537 714 facinus
557 676 671 714 modo
697 676 825 714 inveni
849 688 932 727 ego,
958 683 1002 714 ut
1030 687 1099 713 nos
1123 675 1293 713 dicamur

347 728 424 766 duo

188 781 379 820 Omnium
397 781 624 832 dignissumi
642 795 732 830 esse,
755 795 832 833 quo
852 781 1037 820 cruciatus
1057 781 1259 819 confluant.

189 835 329 872 Liban.
347 835 434 885 Ego
451 835 626 880 mirabar,
642 835 745 887 quod
762 835 910 874 dudum
928 835 1090 886 scapulae
1106 833 1297 885 gestibant

347 888 458 936 mihi,
1243 888 1294 924 49

189 940 382 979 Hariolari
402 955 487 992 quae
505 949 728 992 occeperunt
741 941 814 980 sibi
831 954 909 980 esse
926 941 966 979 in
977 940 1123 979 mundo
1133 940 1294 978 malum.

191 993 395 1044 Quidquid
414 1003 482 1041 est,
504 995 690 1045 eloquere.

394 1049 511 1084 Leon.
541 1048 690 1098 Magna
707 1048 755 1085 'st
771 1047 899 1098 praeda
917 1059 1004 1085 cum
1023 1059 1163 1096 magno
1181 1045 1295 1083 malo.

192 1101 329 1137 Liban.
359 1100 555 1150 Siquidem
574 1113 703 1139 omnes
722 1100 907 1150 conjurati
925 1100 1178 1138 cruciamenta
1208 1110 1297 1138 con-

350 1153 489 1200 ferant,
1007 1171 1012 1174 ·

192 1207 328 1243 Habeo
347 1205 514 1256 (opinor)
532 1206 758 1245 familiarem
771 1214 936 1257 tergum,
948 1218 997 1244 ne
1011 1218 1179 1256 quaeram
1197 1204 1300 1242 foris.

193 1260 310 1297 Leon.
352 1260 394 1297 Si
420 1259 533 1298 istam
566 1261 838 1298 firmitudinem
867 1259 986 1298 animi
1016 1258 1175 1307 obtines,
1207 1257 1300 1296 salvi

352 1324 496 1350 sumus.

193 1366 332 1403 Liban.
361 1365 482 1412 Quin,
503 1367 534 1404 si
551 1373 656 1417 tergo
679 1379 738 1405 res
760 1366 937 1405 solvenda
955 1366 1016 1412 'st,
1041 1376 1171 1416 rapere
1189 1362 1301 1414 cupio

354 1419 576 1468 publicum:
1250 1417 1301 1452 55

194 1471 415 1521 Pernegabo
433 1479 547 1522 atque
566 1472 782 1517 obdurabo;
813 1472 1012 1523 perjurabo
1031 1469 1208 1519 denique.

195 1525 315 1562 Leon.
358 1525 462 1562 Hem
480 1526 490 1562 Σ
529 1525 601 1562 ista
631 1525 749 1562 virtus
782 1532 850 1573 est,
885 1523 1037 1575 quando
1068 1521 1206 1570 usu’st‚
1236 1521 1304 1573 qui

356 1577 503 1615 malum
521 1577 593 1615 fert
611 1578 766 1616 fortiter.

197 1630 358 1668 Fortiter
372 1630 518 1667 malum
534 1631 601 1681 qui
611 1631 766 1681 patitur,
781 1630 882 1668 idem
894 1636 978 1680 post
990 1628 1133 1680 patitur
1144 1629 1302 1666 bonum.

198 1684 336 1721 Liban.
366 1683 472 1730 Quin
491 1696 571 1721 rem
596 1692 766 1722 actutum
792 1683 991 1722 edisseris?
1021 1681 1131 1733 cupio
1155 1681 1306 1720 malum

357 1737 573 1774 nanciscier.

198 1790 318 1828 Leon.
356 1789 509 1827 Placide
541 1803 628 1840 ergo
661 1789 953 1841 unumquidque
981 1788 1135 1839 erogsta,
1171 1794 1216 1824 ut
1242 1798 1305 1824 ac·
1317 1809 1328 1824 ,

359 1843 562 1893 quiescam.
603 1844 694 1881 Non
713 1843 816 1881 vides
1254 1840 1307 1877 60

201 1895 273 1933 Me
290 1909 339 1933 ex
357 1896 512 1933 cursura¹
530 1896 739 1934 anhelitum
759 1896 873 1933 etiam
892 1895 1027 1933 ducere
1039 1896 1058 1932 ἓ

734 1951 870 1987 Liban.
895 1949 1002 1999 Age,
1022 1959 1105 1997 age,
1133 1957 1306 1984 mansero

201 2002 292 2040 Tuo
310 2001 506 2050 arbitratu,
526 2003 586 2040 vel
604 2002 697 2041 adeo
713 2015 835 2052 usque
853 2002 946 2039 dum
965 2001 1073 2052 peris.

762 2057 878 2092 Leon.
905 2054 1077 2092 Ubinam
1095 2058 1151 2090 aet
1168 2049 1310 2090 herus?

206 2110 344 2148 Liban.
374 2107 504 2157 Major
521 2108 629 2159 apud
642 2108 768 2147 forum
788 2107 849 2155 'st‚
869 2108 993 2146 minor
1010 2107 1073 2145 hic
1089 2105 1204 2143 intus.
