1412 2427
234 70 311 107 302
561 67 815 107 CASINA.
844 67 927 106 ΙΙΙ.
956 70 994 104 5.

469 175 593 214 Pard.
623 175 833 214 Insectatur
850 173 996 212 omneis
1013 172 1118 212 domi
1132 185 1198 224 per
1215 172 1340 221 aedeis‚

586 240 656 266 nec
674 240 908 279 quemquam
1288 227 1340 264 33

238 282 363 333 Prope
388 280 438 319 ad
462 295 502 322 se
524 281 613 321 sinit
634 281 761 320 adire:
790 282 844 320 ita
865 293 1012 329 omnes,
1042 282 1113 320 sub
1137 280 1246 329 arcis,
1268 282 1341 318 sub

395 335 503 375 lectis

240 388 433 439 Latentes,
453 395 558 428 metu
577 389 788 426 mussitant.

504 443 602 480 Stal.
631 441 765 480 Occidi
783 449 897 492 atque
914 440 1065 479 interii!
1096 439 1191 491 quid
1209 439 1265 479 illi
1288 441 1342 479 35

239 494 445 545 objectum
460 494 509 534 ’st
526 494 619 532 mali
636 502 715 532 tam
734 503 885 545 repente
898 497 915 532 Ρ

720 549 847 586 Pard.
875 547 1038 587 Insanit.

887 602 986 639 Stal.
1018 601 1345 641 Scelestissumum

241 655 312 695 Me
329 669 408 694 esse
429 655 550 694 credo.

348 709 648 756 Pard.1mmo‚
668 707 700 745 si
718 707 813 746 scias
831 706 943 756 dicta,
964 721 1050 759 quae
1067 707 1165 745 dixit
1181 706 1304 746 hodie.

1110 762 1210 799 Stat.
1239 761 1344 800 Istuc

240 816 393 868 Expeto
411 815 525 854 seire:
556 813 649 866 quid
668 814 796 852 dixit?

491 870 618 907 Pard.
647 867 768 905 Audi.
809 868 884 905 Per
902 867 1046 907 omneis
1064 867 1168 906 Deos
1187 873 1224 906 et
1242 867 1345 906 Deas

241 923 458 973 Dejuravit,
489 922 698 960 occisurum
728 933 816 959 eum
844 920 916 958 hac
943 929 1064 970 nocte,
1094 922 1253 972 quicum
1280 934 1347 960 cu-

401 977 518 1013 baret.

243 1031 341 1068 Stal.
370 1029 441 1066 Me
459 1027 630 1066 occidet?

401 1084 464 1120 Pa
471 1083 529 1120 rd.
555 1081 624 1119 An
643 1080 841 1131 quidpiam
859 1079 907 1118 ad
926 1087 962 1118 te
980 1079 1114 1119 attinet
1125 1082 1144 1118 ἓ

502 1180 509 1183 ν
563 1135 659 1172 Stal.
688 1134 802 1172 Vah!

695 1187 820 1225 Pard.
847 1186 955 1234 Quid
973 1199 1062 1226 cum
1080 1187 1125 1226 effa
1142 1188 1271 1240 negoti
1298 1190 1350 1228 40

243 1243 335 1282 Tibi
350 1244 397 1280 'st
408 1242 426 1277 ἶ)

351 1297 450 1335 Stal.
478 1294 663 1334 Peccavi:
694 1295 785 1334 illuc
803 1293 940 1344 dicere,
958 1294 1143 1342 villicum,
1164 1295 1347 1334 volebam.

1070 1349 1196 1389 Pard.
1223 1350 1351 1388 Sciens

244 1403 306 1442 De
325 1403 386 1443 vi&¹
399 1403 438 1440 in
457 1403 631 1441 semitam
650 1401 860 1454 degredere.

690 1458 789 1495 Stal.
817 1455 1022 1507 Numquid
1039 1455 1135 1497 1111111
1153 1455 1320 1496 minatur
1331 1455 1352 1492 ⁴?

246 1511 371 1549 Pard.
399 1510 491 1549 Tibi
508 1509 645 1549 infecta
662 1509 732 1548 soli
750 1516 805 1547 est
822 1510 923 1558 plus,
944 1521 1062 1560 quam
1079 1509 1300 1560 quoiquam.

680 1564 778 1600 Stat.
808 1561 1071 1609 Quamobtem
1089 1561 1107 1600 ?

949 1617 1075 1654 Pard.
1108 1615 1213 1662 Quia
1230 1629 1268 1655 se
1287 1616 1351 1655 des

245 1672 418 1709 Uxorem
438 1669 689 1721 Olympioni:
718 1680 841 1719 neque
860 1681 898 1707 se
915 1675 1037 1717 tuam,
1057 1681 1127 1707 nec
1143 1682 1181 1706 se
1200 1683 1323 1716 suam,

245 1725 384 1774 Neque
398 1723 469 1761 viri
486 1723 605 1760 vitam
623 1722 771 1760 sinetin
790 1722 996 1760 crastinum
1014 1722 1179 1772 protoHi.
1208 1723 1257 1761 Id
1274 1723 1351 1762 huc

406 1777 521 1813 missa
539 1789 626 1813 sum
1299 1777 1353 1817 45

249 1830 341 1868 Tibi
359 1837 403 1867 ut
420 1829 594 1877 dicerem,
615 1830 662 1867 ab
682 1829 726 1867 ea
744 1836 787 1867 ut
805 1841 934 1867 caveas
951 1828 1034 1867 tibi.

747 1885 844 1921 Stal.
873 1882 976 1920 Perii
997 1881 1166 1934 (hercle)
1186 1881 1324 1920 miser!

249 1937 386 1988 Neque
413 1943 468 1974 est
494 1948 616 1988 neque
640 1935 713 1974 fuit
741 1948 804 1975 me
835 1948 950 1975 senex
974 1936 1180 1988 quisquam
1209 1942 1354 1974 amator

409 1989 565 2040 adaeque
581 1989 707 2028 miser.

250 2044 375 2082 Pard.
403 2043 516 2081 Ludo
535 2056 604 2094 ego
622 2043 725 2083 hunc
742 2043 883 2084 facete:
911 2056 1016 2092 nam,
1037 2056 1122 2094 quae
1140 2042 1239 2081 facta
1257 2041 1352 2091 dixi,

412 2097 539 2135 omnia
557 2096 647 2135 huic
