1412 2427
425 43 829 85 CISTELLARIA.
862 44 921 82 ΙΙ.
949 43 986 80 3.
1180 41 1259 79 333

151 154 264 190 Lam.
294 154 420 191 Immo
453 152 632 190 meretrix
664 151 762 196 fuit;
793 151 869 194 sed,
904 158 948 188 ut
980 151 1042 198 sit,
1075 149 1122 187 de
1147 148 1193 187 ea
1223 161 1263 186 re

309 207 477 258 eloquar.
1204 203 1256 239 23

146 260 175 298 J
179 273 241 297 am
260 260 511 311 perducebam
530 259 637 296 illam
657 258 707 296 ad
723 271 786 296 me
812 257 967 296 suadela
985 256 1094 294 mea:

147 313 263 350 Anus
283 314 317 351 ei
335 313 512 364 amplexa
529 322 584 351 est
602 325 740 363 genua,
761 311 928 362 plorans,
948 313 1160 357 obsecrans,
1208 310 1258 345 25

150 367 212 404 Ne
231 367 374 405 deserat
393 380 454 405 se:
489 379 572 403 eam
592 378 701 402 suam
723 378 799 402 ωδε
819 364 952 410 filiam,

146 420 274 494 {eque
292 433 376 458 eam
394 421 740 479 peperisse‚·sanete
759 418 960 479 acijurabat
977 416 1087 454 mihi.

198 474 339 518 Istam,
359 486 476 524 quam
495 473 673 524 quaeris‚’'
693 481 833 522 lnquit,
855 474 883 494 ‘⁶
903 482 973 522 ego
991 483 1122 508 auncae
1140 483 1235 508 meae

146 525 264 572 Dedi,
285 540 371 578 quae
389 527 563 564 educaret
581 539 666 562 eam
685 537 754 576 pro
773 523 889 562 filiola
907 524 989 562 sua.

145 579 200 616 Et
235 580 369 626 vivit,''
399 579 648 630 inquin—“
669 578 750 617 Ubi
774 591 819 616 ea
848 586 904 616 ωε
917 578 964 616 ?'’
1002 576 1161 628 inquam
1191 590 1258 614 ex-

305 635 488 683 tempulo.
1201 631 1254 668 30

146 687 276 724 ΡΙιαη.
306 688 460 725 Servate
479 699 554 733 me,
575 685 665 732 Dei,
685 687 848 723 obsecro.

811 739 905 776 Mel.
933 738 991 775 At
1003 750 1067 775 me
1086 737 1254 788 perditis.

146 795 276 831 len.
311 794 416 842 Quoi
434 794 541 830 illam
560 791 735 838 dedisset,
756 792 962 842 exquisisse
979 791 1159 841 oportuit.

145 849 260 884 Lam.
290 848 485 894 Quaesivi:
517 858 553 884 et
572 846 683 892 dixit,
704 845 889 883 meretrici
909 845 1120 883 Melaenidi.

145 902 247 938 Mel.
274 902 414 939 Meum
434 900 602 938 elocutus
621 907 676 936 est
695 910 858 936 nomen:
888 897 1039 935 interii!

143 955 258 991 Lam.
281 955 360 992 Ubi
377 954 524 992 elocuta
538 962 607 998 est,
624 964 693 1002 ego
707 952 886 988 continuo
900 963 1018 988 anum
1036 951 1226 1002 interrogo
1245 966 1256 989 ε

145 1011 173 1030 “
212 1008 291 1046 Ubi
330 1008 519 1054 habitat,”
557 1007 731 1057 inquam,
771 1008 799 1027 “
837 1004 912 1042 duc
956 1017 1000 1042 ac
1040 1004 1256 1043 demonstra

301 1061 437 1098 mihiss'
449 1083 493 1088 —-
1196 1059 1249 1096 36

143 1116 171 1137 ‘⁴
191 1113 341 1152 Avecta
358 1113 455 1163 est,'·'
473 1112 610 1164 inquit,
631 1115 660 1135 “
679 1125 834 1164 peregre
852 1111 941 1150 hinc
959 1111 1215 1149 habitatum.”

959 1166 1060 1202 Mel.
1088 1165 1253 1215 Obsipat

145 1220 363 1273 Aquulam.

247 1276 362 1313 Lam.
385 1275 413 1296 ‘⁶
436 1273 526 1317 Quo
545 1281 673 1312 avecta
691 1279 761 1320 ωε,
783 1286 826 1311 eo
844 1284 1057 1323 sequemur.
1106 1271 1251 1310 Siccine

138 1328 239 1379 Agis
271 1330 425 1379 nugas?
471 1327 628 1379 periisti,
662 1339 710 1365 ne
744 1326 919 1377 (hercle)
937 1326 1010 1363 hoc
1046 1326 1185 1376 longe''
1199 1347 1252 1353 -

301 1381 454 1419 Perstiti

138 1435 288 1474 Instare
306 1447 427 1487 usque
445 1434 552 1482 adeo,
573 1433 691 1472 donec
708 1446 748 1472 se
765 1433 916 1483 adjurat
935 1445 1030 1471 anus
1197 1434 1249 1471 40

137 1489 233 1527 Jam
251 1488 349 1526 mihi
367 1497 586 1526 monstrare.

563 1542 695 1580 Phan.
722 1540 781 1578 At
799 1553 876 1578 non
894 1540 1050 1578 missam
1069 1539 1249 1591 oportuit.

138 1597 255 1634 Lam.
284 1596 483 1634 Servatur:
508 1595 575 1633 sed
591 1595 689 1633 illaec
707 1607 746 1632 se
763 1593 972 1646 quamdam
992 1594 1095 1632 aibat
1112 1593 1250 1632 mulie-

299 1661 380 1687 rem

139 1703 259 1741 Suam
277 1702 562 1740 benevolentem
582 1701 780 1740 convenire
798 1701 912 1740 etiam
928 1701 1049 1752 prius,

139 1755 355 1793 Commune
373 1757 530 1806 quicum
549 1756 590 1794 id
608 1763 703 1794 esset
722 1755 794 1793 sibi
813 1756 1023 1806 negotium.

137 1809 191 1847 Et
211 1808 286 1846 scio
305 1817 514 1846 venturam.

512 1863 612 1900 Mel.
639 1862 711 1900 Me
727 1861 924 1911 indicabit,
944 1869 982 1900 et
999 1874 1086 1899 suas
1196 1863 1246 1898 45

136 1915 205 1953 Ad
223 1928 326 1953 maes
345 1914 513 1953 miserias
531 1915 655 1953 addet.

657 1970 786 2008 Plum.
814 1969 848 2006 F
850 1981 894 2007 ac
913 1982 976 2007 me
993 1968 1192 2006 consciam.

135 2021 243 2070 Quid
261 2034 363 2060 nunc
382 2021 438 2059 vis
455 2021 576 2060 faeere
594 2035 657 2060 me
670 2025 687 2060 ?

437 2076 553 2112 Lam.
580 2076 688 2114 Intro
701 2076 778 2123 abi,
795 2083 909 2127 atque
927 2075 1055 2113 animo
1075 2075 1175 2112 bono
1194 2087 1247 2112 ὅ.
