1412 2427
166 90 244 127 336
435 90 838 130 CISTELLARIA.
866 90 940 128 IV.
971 91 1004 128 l.

167 195 242 233 Dic
259 209 321 234 me
339 210 456 243 orare,
475 205 518 235 ut
535 197 673 248 aliquis
687 198 789 235 intus
807 197 963 248 prodeat
976 209 1133 248 propere
1145 210 1274 247 ocyus.

167 250 253 287 Alc.
283 250 426 301 Recipe
452 264 514 288 me
541 251 590 289 ad
617 258 667 299 te,
698 251 821 297 Mors,
850 251 1015 288 amicum
1045 259 1082 289 et
1110 252 1271 289 benevo-

328 303 423 341 lum.

433 359 505 395 Sil.
536 357 665 396 Mater
683 370 782 404 mea,

169 408 346 447 Perimus
366 410 533 448 miserae!

221 463 258 498 A
264 464 306 499 lc-
329 463 468 501 Utrum
488 464 559 501 hac
572 476 632 502 me
650 463 798 512 feriam,
813 476 861 502 an
880 465 928 502 ab
946 464 1043 502 laeva
1060 463 1160 501 latus
1175 465 1192 501 Ρ
1225 463 1273 500 10

168 516 268 552 Asel.
297 516 403 563 Quid
423 517 491 554 tibi
510 525 565 555 est
582 519 598 555 ?

234 571 306 607 Sil.
335 570 664 608 Alcesimarchum
683 583 758 609 non
778 571 881 608 vides
899 571 1038 608 ferrum
1055 569 1272 608 tenentem?

166 623 255 659 Alc.
283 623 434 674 Ecquid
452 623 560 674 agis?
586 626 801 662 remorare?
830 624 960 661 lumen
981 624 1122 675 linque.

788 679 861 715 Sil.
888 678 1058 725 Amabo,
1078 676 1272 724 accurrite,

170 728 232 766 Ne
251 742 289 767 se
306 730 509 769 interimat.

530 785 568 821 A
574 785 618 821 lc.
648 783 685 822 O
705 784 835 823 Salute
853 783 936 822 mea
956 784 1056 822 salus
1075 783 1273 830 salubrior,

171 834 235 872 Tu
256 847 370 882 nunc,
401 837 432 874 si
455 850 523 888 ego
545 836 630 875 volo
653 851 717 876 seu
742 838 843 885 nolo,
867 837 944 875 sola
965 851 1041 885 me,
1069 845 1114 874 ut
1132 837 1272 883 vivam,

326 889 430 928 facis.

170 943 270 979 Mel.
299 942 392 981 Hau
408 944 418 980 !
450 944 602 982 voluisti
619 945 716 982 istuc
734 956 904 982 severum
924 943 1044 981 facere
1059 946 1077 981 Ρ

681 999 769 1035 Alc.
800 997 910 1035 Nihil
930 1009 1079 1034 mecum
1099 997 1192 1041 tibi;
1226 997 1274 1034 15

169 1048 350 1087 Mortuus
378 1049 447 1087 tibi
474 1063 583 1088 sum:
613 1051 712 1089 hanc
740 1059 783 1089 ut
809 1051 944 1099 habeo,
974 1058 1118 1088 certum
1134 1051 1182 1088 'st
1198 1061 1275 1088 non

327 1104 511 1141 amittere.

168 1155 274 1193 Nam
295 1157 311 1208 (
327 1156 468 1206 hercle)
485 1159 566 1206 jam
592 1158 640 1196 ad
659 1171 721 1196 me
739 1157 1052 1209 agglutinandam
1071 1164 1190 1195 totam
1208 1156 1274 1194 de-

329 1218 473 1248 cretum
487 1212 534 1249 'st
552 1211 651 1250 dare.

166 1262 246 1300 Ubi
264 1263 365 1309 estis,
384 1264 480 1301 servi
497 1267 513 1302 ?
543 1265 726 1303 occludite
744 1265 855 1303 aedeis
878 1263 1051 1316 pessulis,
1070 1263 1274 1315 repagulis,

167 1316 246 1354 Ubi
264 1316 362 1354 hanc
380 1330 449 1368 ego
468 1318 626 1357 tetulero
644 1319 743 1356 intra
762 1319 891 1356 limen.

827 1373 922 1410 Mel.
951 1370 1063 1409 Abiit
1078 1384 1090 1415 ;
1120 1369 1276 1408 abstulit

168 1422 376 1461 Mulierem
392 1424 402 1461 !
435 1424 532 1471 Ibo;
561 1439 762 1477 persequar
776 1427 858 1475 jam
876 1425 988 1463 illum
1006 1425 1118 1473 intro,
1134 1431 1178 1461 ut
1195 1423 1277 1460 haec

330 1490 378 1515 ex
395 1491 458 1516 me
476 1478 569 1516 sciat
1219 1477 1274 1514 2⁰

167 1530 343 1578 Eadem3
365 1531 397 1569 si
415 1544 571 1584 possum
590 1533 840 1584 tranquillum
859 1531 979 1571 facere
998 1545 1045 1571 ex
1062 1531 1156 1569 irato
1170 1528 1278 1567 mihi.

421 1692 606 1733 ACTUS
635 1694 712 1732 1v.
767 1692 953 1732 SCENA
980 1691 1015 1729 I.

389 1799 655 1839 LAMrAmo.
697 1801 1061 1839 PHANos'rRA'rA.

168 1907 282 1944 Lam.
303 1905 464 1943 Nullam
485 1919 554 1957 ego
571 1920 634 1946 me
652 1906 788 1945 vidisse
802 1905 913 1944 credo
930 1905 1053 1957 magis
1070 1917 1186 1943 anum
1207 1917 1274 1943 ex·

330 1959 570 1998 cruciabilem

163 2012 294 2061 Quam
321 2013 418 2050 illaec
446 2021 523 2050 est:
555 2025 641 2064 quae
660 2011 807 2050 dudum
826 2012 926 2051 fassa
941 2020 996 2051 est
1012 2011 1123 2060 mihi,
1144 2022 1279 2063 quaene

326 2066 469 2104 inficias
487 2074 547 2104 eat
560 2069 577 2104 ?

169 2119 244 2158 Sed
262 2132 388 2159 eccam
400 2119 533 2157 heram
547 2119 668 2157 video.
709 2119 784 2159 Sed
803 2119 896 2171 quid
909 2120 980 2159 hoc
993 2127 1062 2167 εει,
1076 2119 1159 2157 haec
1172 2117 1275 2170 quod

331 2173 473 2212 cistella
490 2173 554 2211 hic
568 2174 668 2222 jacet
