1412 2427
189 26 266 62 258
495 26 823 66 CAPTEIVEI.
853 27 928 67 1v.
957 29 994 65 2.

188 130 318 177 Quom
327 131 517 183 extemplo
528 132 576 170 ad
587 132 711 171 forum
721 133 919 181 advenero,
927 144 1058 171 omnae
1069 132 1270 184 loquentur
1280 149 1292 173 ι

190 186 219 204 “
241 183 318 221 Hic
335 183 399 221 ille
416 192 471 222 eet
488 197 602 224 senex
619 185 768 233 ductus,
787 187 878 238 quoi
897 188 1009 225 verba
1025 186 1115 224 data
1132 186 1262 224 sunt.”

189 236 264 273 Sed
284 236 480 286 Ergasilus
497 246 600 276 estne
617 238 693 285 hic,
712 239 842 290 procul
861 252 976 290 quem
995 238 1103 277 video
1115 238 1134 274 ⁰?
1267 240 1293 276 8

190 289 358 327 Collecto
376 290 529 340 quidem
547 299 602 329 est
619 292 735 341 pallio
751 307 762 329 ι
792 292 975 343 quidnam
994 290 1178 330 acturu'st
1190 293 1209 330 ἓ

191 344 292 391 Erg.
334 341 452 381 Move
481 345 548 382 abs
583 351 620 382 te
650 356 812 391 moram,
843 351 971 395 atque,
1004 344 1191 395 Ergasile,
1225 357 1295 395 age

265 424 269 429 .
348 395 445 433 hanc
463 409 556 434 rem.
1246 398 1296 436 10

189 447 352 486 Eminor
368 448 677 500 interminorque‚
692 462 740 488 ne
755 450 840 501 quis
858 451 915 488 mi
929 450 1114 489 obstiterit
1129 450 1296 498 obviam,

191 501 278 539 Nisi
296 501 362 552 qui
381 509 439 539 sat
456 502 521 539 diu
540 502 676 541 vixisse
694 515 772 541 sese
788 503 904 542 homo
922 503 1187 542 arbitrabiturt

190 554 311 602 Nam,
333 554 399 605 qui
417 555 612 601 obstiterit,
632 568 695 593 ore
714 556 827 594 sistet.

554 609 661 658 Heg.
692 609 769 647 Hic
786 608 901 647 homo
919 609 1135 660 pugilatum
1153 609 1296 660 incipit.

192 663 292 711 Erg.
323 660 460 700 Facere
487 670 632 700 certum
653 661 700 700 'st
716 675 725 698 =
756 661 912 717 proinde
939 670 983 700 ut
1009 675 1140 701 omnes
1165 662 1298 701 itinera

351 714 526 753 insistant
543 728 625 762 sua,

192 768 256 806 Ne
274 767 358 819 quis
376 767 416 805 in
434 768 505 806 hac
523 768 648 819 plutei>⁴
665 767 794 819 negoti
813 767 978 806 conferat
996 768 1206 821 quidquam
1225 769 1298 807 sui.

194 822 299 859 Nam
318 833 425 859 meus
443 828 498 859 est
515 821 665 860 ballista
682 833 860 872 pugnus3
881 822 1030 860 cubitus
1048 822 1240 874 catapulta
1251 823 1298 860 'st

196 874 533 965 Ηυῐηεῐιᾞιὲιιῗὶεει
563 934 662 975 tum,
682 940 782 979 genu
808 927 856 966 ad
878 939 1070 979 quemque
1090 929 1227 979 jecero,
1251 876 1300 966 gi

201 1016 206 1020 ,
284 992 287 993 ’
354 987 490 1022 ατη-εισι
509 980 618 1018 dabo.

195 1031 417 1123 Dentileffios
435 1033 579 1072 omneis
596 1033 786 1073 mortaleis
803 1033 954 1083 faciam,
974 1046 1166 1087 quemque
1182 1034 1300 1073 offen-

199 1142 305 1189 Hcg.
335 1099 558 1200 Qgss'fflaec
585 1140 849 1179 eminatio’st?
877 1153 968 1179 nam
996 1152 1142 1193 nequeo
1170 1140 1301 1179 mirari

196 1249 298 1296 Erg.
329 1201 482 1285 Ρῗωᾳζῐη
510 1254 552 1285 ut
575 1247 657 1296 ejus
682 1247 756 1286 diei
781 1248 943 1300 locique,
965 1247 1131 1300 meique,
1155 1259 1302 1298 semper

354 1300 580 1338 meminerit.
1251 1302 1303 1338 20

196 1353 277 1402 Qui
295 1353 391 1391 mihi
418 1353 457 1391 in
477 1365 589 1392 cursu
607 1353 804 1403 obstiterit,
833 1354 924 1393 faxo
947 1353 1034 1393 vitae
1057 1354 1089 1393 is
1111 1353 1304 1405 extemplo

357 1407 542 1445 obstiterit
560 1419 650 1445 suae.

196 1462 304 1510 Heg.
331 1459 439 1508 Quid
459 1460 522 1498 hic
544 1459 660 1499 homo
688 1467 838 1499 tannim
862 1460 1045 1512 incipissit
1064 1459 1186 1498 facere
1214 1472 1302 1498 cum

354 1513 467 1552 tantis
484 1513 599 1551 minis
609 1512 627 1549 ’ἓ

197 1568 299 1616 Erg.
334 1566 446 1604 Prius
465 1566 583 1615 edico,
609 1578 657 1605 ne
681 1565 766 1618 quis
789 1574 941 1619 propter
964 1567 1119 1619 culpam
1135 1565 1304 1618 capiatur

357 1631 481 1668 suam,

197 1671 399 1710 Continete
417 1685 482 1711 vos
500 1672 628 1719 domi3
657 1672 853 1724 prohibete
870 1686 894 1711 a
911 1672 1018 1712 vobis
1036 1673 1115 1711 vim
1132 1686 1272 1712 mmm.

199 1726 303 1774 Heg.
333 1725 439 1762 Mira
458 1725 630 1776 (edepol)
650 1733 752 1775 sunt,
775 1727 816 1764 ni
841 1726 903 1765 hic
919 1726 961 1765 in
979 1733 1150 1766 ventrem
1169 1727 1306 1766 sumsit

356 1778 635 1817 confidentiam.
1253 1781 1306 1820 25

198 1831 272 1870 Vae
289 1832 426 1870 misero
443 1832 514 1879 illi,
535 1834 643 1881 cujus
660 1832 744 1871 cibo
761 1833 831 1872 iste
848 1834 1000 1873 factu'st
1016 1833 1274 1885 imperiosior!

199 1888 304 1935 Erg.
334 1885 440 1923 Tum
476 1885 634 1936 pistores
670 1886 912 1939 scrofipasciJ
929 1887 995 1939 qui
1027 1888 1137 1926 alunt
1163 1886 1307 1959 furfure

361 1951 460 1985 sues,
764 1949 768 1955 ·
799 1947 804 1951 ·
859 1947 904 1964 εκ
1247 1950 1301 1964 ια,

201 1992 378 2039 Quarum
396 1991 510 2030 odore
527 1994 715 2043 praeterire
733 2006 846 2033 nemo
863 1994 1065 2046 pistrinum
1083 2001 1230 2045 potest3

202 2045 349 2084 Eorum
390 2045 420 2084 si
455 2048 711 2099 quojusqualn
755 2048 914 2103 scrofam
955 2049 996 2086 in
1029 2048 1183 2101 publico
1217 2060 1307 2088 con-

361 2112 531 2150 spexero‚
