1412 2427
403 74 699 116 ASINARIA.
730 74 812 113 ΙΙΙ.
842 76 879 113 3.
1148 75 1198 118 97

91 183 245 233 Arg-yr.
273 182 383 221 Vale.

196 237 353 274 Philan.
381 235 472 283 Quo
489 248 665 287 properas
682 238 700 274 ?

249 290 405 339 Argyr.
436 290 543 328 Bene
561 290 667 327 vale:
699 288 800 340 apud
821 288 967 326 Orcum
987 295 1024 326 te
1041 287 1187 325 videbo.

89 342 195 381 Nam
215 344 389 395 equidem
410 356 486 391 me,
509 345 588 393 jam
609 351 797 393 quantum
822 349 958 393 potest,
981 354 1003 378 a
1029 341 1105 378 vita
1132 342 1199 377 ab·

245 397 437 447 judicabo.
1152 394 1198 437 17

91 452 249 491 Philon.
290 451 369 489 Cur
396 459 454 499 tu,
483 452 647 498 obsecro,
667 449 857 487 immerito
883 461 969 487 meo
995 461 1058 486 me
1090 447 1203 485 morti

251 504 385 542 dedere
402 512 510 555 optas
526 506 544 542 ἲ

93 559 262 620 Argyra·
277 558 365 618 Eg‘?
391 560 457 596 te?
487 570 605 609 quam
630 556 664 595 si
688 556 899 607 intelligam
923 555 1080 594 deficere
1108 554 1201 599 vita,

266 624 329 649 am
349 624 362 648 1
390 624 430 649 se

94 665 228 704 Vitam
247 625 389 755 {nemi
406 665 475 703 tibi
503 664 656 715 largiar,
683 671 719 702 et
744 664 790 702 de
814 663 901 701 mea
927 663 976 702 ad
1000 670 1108 700 tuam
1137 659 1205 752 32(Ῑὸ

278 731 355 757 am.

92 773 247 811 Philcn.
275 771 355 810 Cur
372 785 459 823 ergo
477 771 663 810 minitaris
681 771 764 819 tibi,
785 779 822 809 te
840 771 958 809 vitam
984 782 1064 809 esse
1090 768 1204 807 amis-

251 838 385 865 surum
402 828 420 864 Ρ

93 880 199 918 Nam
218 879 312 970 quljd
329 893 393 919 me
419 879 604 918 facturam
632 886 759 931 putaS‚
786 878 816 916 si
840 878 952 926 istuc,
975 876 1078 930 quod
1096 875 1203 921 dieis,

269 934 350 972 axis
367 937 384 973 Ρ

97 987 203 1026 Mihi
220 996 366 1025 eertum
379 987 439 1034 'st‚
460 987 603 1026 efficere
621 987 660 1025 in
679 998 743 1024 me
761 986 891 1024 omnia
908 985 1040 1024 eadem
1059 997 1146 1036 quae
1164 990 1206 1021 tu

252 1040 294 1076 in
313 1048 349 1079 te
369 1041 479 1079 faxis.

96 1094 251 1142 Argyr.
280 1093 318 1132 O
337 1095 347 1131 Ξ
378 1094 492 1132 melle
511 1094 615 1132 dulci
632 1093 777 1131 dulcior
791 1092 887 1130 mihi
906 1099 948 1130 tu
967 1105 1017 1130 es.

575 1148 731 1185 Philen.
761 1146 873 1184 Certe
891 1145 993 1183 enim
1012 1153 1054 1182 tu
1073 1144 1150 1183 vita
1169 1156 1207 1182 es

94 1199 212 1238 Mihi.
242 1200 513 1251 Complectere.

308 1256 462 1305 Argyr.
493 1254 607 1292 Facio
625 1254 773 1292 lubens.

461 1309 618 1346 Philen.
649 1307 810 1346 Utinam
829 1306 880 1344 sic
900 1304 1125 1344 efferamur!
1155 1305 1208 1342 25

95 1362 216 1401 Leon.
243 1361 282 1401 O
301 1361 473 1400 Libane!
504 1368 548 1399 ut
561 1360 676 1399 miser
693 1368 748 1398 est
761 1359 877 1397 homo
895 1360 963 1411 qui
981 1366 1084 1397 amat
1099 1358 1108 1396 !

586 1414 730 1453 Liban.
763 1414 892 1451 Immo
912 1411 1084 1465 (hercle)
1105 1424 1206 1458 vero,

94 1469 177 1518 Qui
194 1468 346 1521 pendet,
365 1468 489 1507 multo
512 1474 566 1506 est
583 1468 766 1506 miserior.

548 1521 663 1559 Leon.
692 1520 791 1569 Scio,
807 1520 874 1572 qui
892 1520 1104 1572 periculum
1124 1519 1209 1557 feci.

96 1575 452 1615 circumsistamus:
483 1575 577 1613 alter
594 1575 698 1622 hinc,
717 1574 806 1613 hinc
827 1575 932 1617 alter,
959 1574 1206 1625 appellemus.

96 1631 240 1669 Liban.
270 1630 388 1677 Here,
409 1629 521 1667 salve·
548 1628 624 1667 Sed
637 1640 731 1667 num
744 1628 875 1666 fumus
888 1635 944 1666 δὲ
958 1627 1038 1666 haec
1057 1627 1208 1673 mulier,

257 1696 373 1735 quam
392 1682 611 1734 amplexare
623 1682 641 1718 ¹?

99 1737 254 1787 Argyr.
282 1736 364 1785 Qui
383 1736 507 1774 dum?

340 1791 480 1829 Liban.
508 1789 614 1838 Quia
631 1789 731 1828 oculi
749 1796 837 1828 sunt
854 1789 924 1827 tibi
941 1788 1209 1834 mammantes,

418 1856 462 1881 eo
479 1843 620 1895 rogavi.
1155 1842 1209 1878 30

100 1899 138 1936 A
144 1911 255 1948 rgyr.
302 1897 491 1936 Patronus
528 1897 595 1949 qui
631 1896 737 1935 vobis
772 1896 846 1934 fuit
881 1895 1048 1944 futurus,
1085 1893 1211 1946 perdi-

348 1964 376 1989 s.

99 2005 240 2043 Liban.
264 2003 458 2056 Equidem
480 2002 649 2056 (hercle)
666 2004 821 2043 nullum
841 2002 1000 2056 perdidi,
1020 2002 1104 2041 ideo
1123 2000 1212 2052 quia

259 2070 459 2109 nunquam
478 2057 603 2096 ullum
621 2057 753 2097 habui.

107 2113 223 2149 Leon.
253 2111 490 2158 Phileniuin,
510 2111 625 2150 salve.

377 2166 528 2203 Pmlen.
555 2164 717 2203 Dabunt
735 2164 818 2212 Dii,
839 2177 925 2216 quae
938 2162 1075 2209 velitis,
1095 2159 1212 2198 vobis.

154 2228 258 2256 vo1..
280 2230 312 2257 1.
968 2228 994 2253 κ
