1412 2427
222 41 300 79 260
530 35 858 78 CAPTEIVEI.
887 35 963 73 1v.
989 37 1025 74 2.

377 147 479 196 Erg.
507 145 678 184 Fortuna
695 143 798 196 quod
817 142 888 181 tibi
907 153 975 180 nec
993 141 1097 190 facit,
1116 153 1185 180 nec
1203 140 1328 191 faciet,

222 200 308 238 Hoc
326 211 388 237 me
399 200 522 248 jubes
568 199 643 237 Sed
662 199 729 249 qui
747 195 830 236 est?

433 255 539 302 Heg.
568 252 725 303 Respice
743 250 792 289 ad
811 261 898 295 me;
928 248 1056 299 Hegio
1075 259 1175 286 sum.

935 305 1036 351 Erg.
1067 301 1105 340 Ο
1124 299 1220 338 mihi
1235 301 1246 339 Ξ
1277 302 1328 338 55

219 359 421 405 Quantum
441 365 495 396 est
513 358 713 396 hominum
728 364 973 408 optumorum
987 361 1158 405 optume,
1175 354 1215 392 in
1235 361 1331 392 tem-

378 424 468 462 pore
486 412 653 450 advenis.

223 467 327 514 Heg.
348 465 623 515 Nescio-quem
643 463 692 501 ad
709 469 862 514 portum
875 468 1008 499 nactus
1027 473 1080 510 es,
1100 460 1167 499 ubi
1185 472 1304 499 eoenoe
1321 475 1332 498 z

380 531 424 556 eo
443 518 602 556 fastidis.
657 533 662 538 ·

224 573 326 621 Erg.
354 571 457 610 Cedo
476 583 648 609 manum.

512 626 617 674 Heg.
646 622 814 662 Manum
826 621 844 658 ἰ’

714 677 815 725 Erg.
845 674 1027 722 Manum,
1047 673 1223 725 inquam,
1241 671 1331 711 cedo

819 736 928 766 tuam
946 734 1130 766 actutum.

1070 781 1179 830 Heg.
1209 778 1332 817 Tene.

223 840 325 888 Erg.
356 835 505 875 Gaude.

326 892 431 939 Heg.
459 888 568 937 Quid
587 901 656 939 ego
677 887 894 939 gaudeam?

406 945 505 992 Erg.
534 942 639 989 Quia
658 954 727 992 ego
746 941 903 992 impero.
943 939 1042 991 Age,
1063 938 1187 990 gaude
1204 938 1330 978 modo.

225 1000 272 1035 H
273 1010 333 1046 cg.
365 997 451 1045 Pol,
472 1008 645 1033 moerores
659 996 714 1032 mi
734 1001 976 1032 antevortunt
995 992 1156 1044 gaudiis.

834 1049 935 1097 Erg.
965 1046 1059 1085 Noli
1077 1045 1246 1091 irasciet-3
1275 1046 1327 1083 60

223 1103 251 1141 J
253 1116 315 1141 am
335 1115 405 1153 ego
425 1115 471 1140 ex
498 1115 649 1153 corpore
671 1101 821 1151 exigam
844 1100 988 1139 omneis
1013 1099 1182 1138 maculas
1200 1111 1336 1137 moero·

385 1169 471 1193 rum
492 1155 571 1194 tibi.

224 1209 361 1248 Gaude
380 1209 567 1247 audacter.

410 1264 517 1312 Heg.
546 1261 719 1308 Gaudeo,
741 1261 811 1299 etsi
827 1260 883 1298 nil
900 1260 989 1310 scio,
1009 1259 1112 1311 quod
1129 1257 1330 1310 gaudeam.

225 1319 329 1366 Erg.
363 1316 472 1354 Bene
490 1315 596 1354 facis.
637 1316 742 1354 Jube
762 1341 772 1351 .
794 1342 804 1352 .
823 1341 834 1351 .
851 1340 861 1350 .

546 1370 654 1419 Heg.
683 1367 790 1416 Quid
805 1367 962 1417 jubeam
977 1369 995 1405 Ρ

743 1423 848 1470 Erg·
877 1420 1015 1471 Ignem
1031 1418 1226 1470 ingentem
1244 1417 1337 1457 fieri.

226 1478 334 1527 Heg.
361 1475 499 1527 Ignem
517 1475 711 1526 ingentem
722 1473 741 1510 ἰ’

437 1532 540 1579 Erg.
569 1529 632 1567 Ita
649 1527 747 1576 dico,
767 1537 930 1576 magnus
947 1531 991 1563 ut
1009 1524 1067 1563 sit.

762 1581 872 1629 Heg.
900 1578 1038 1625 Quid?
1065 1590 1141 1623 me,
1160 1577 1334 1627 volturie,

224 1635 354 1674 Tu'an’
375 1633 487 1674 causa
503 1635 614 1673 aedeis
631 1633 876 1672 incensurum
895 1631 1052 1670 censes?

849 1687 953 1734 Erg.
981 1685 1076 1723 Noli
1092 1684 1252 1723 irascier.
1280 1684 1331 1723 65

224 1743 253 1780 J
255 1741 383 1780 ube’n’
403 1754 452 1780 an
471 1753 547 1780 non
564 1742 674 1791 jubes
693 1739 848 1778 adstitui
867 1739 1004 1777 aulas?
1033 1738 1180 1789 patinas
1198 1737 1306 1776 elui?

224 1795 411 1833 Laridum
430 1803 544 1846 atque
562 1794 692 1846 epulas
709 1793 826 1832 foveri
841 1792 975 1830 foculis
991 1791 1222 1831 ferventibus
1234 1791 1253 1830 ’ἓ

224 1849 364 1887 Ah'um
381 1848 500 1900 pisces
517 1848 778 1900 praestinatum
797 1846 900 1884 abire
910 1844 928 1881 ἱ)

738 1902 845 1950 Heg.
874 1898 954 1938 Hic
971 1898 1133 1951 vigilans
1150 1896 1328 1938 somniat.

231 1958 329 2006 Erg.
365 1955 504 1994 Alium
531 1955 739 2006 porcinam,
768 1961 884 2005 atque
910 1953 1106 2005 agninam,
1141 1959 1179 1992 et
1206 1950 1332 2003 pullos

384 2009 607 2060 gallinaceos
622 2009 640 2045 2>

226 2063 335 2113 Heg.
364 2063 446 2102 Scis
463 2065 559 2102 bene
575 2075 669 2111 esse,
690 2062 720 2100 si
739 2063 787 2101 sit
805 2062 919 2102 unde.
