1412 2427
202 84 281 121 328
478 85 879 125 CISTELLARIA.
909 86 968 125 11.
999 88 1032 124 l.

204 190 362 230 Dedisse
382 191 656 243 exponendam.
696 192 769 230 Ille
788 193 979 245 extemplo
997 193 1190 232 servulum

203 245 230 281 J
235 247 324 283 ubet
344 246 453 283 illum
473 245 648 283 eumdem
668 246 855 296 persequi,
876 247 906 284 si
926 247 1002 298 qu⁸a
1021 253 1135 298 queat

203 299 396 349 Reperire,
417 312 502 350 quae
521 299 726 336 sustulerit.
772 299 821 336 Ei
841 300 893 337 rei
912 312 1013 338 nunc
1036 312 1145 338 suam

203 351 372 401 Operam
394 365 513 402 usque
531 351 680 389 assiduo
699 365 827 389 servus
843 353 920 398 dat,
941 353 972 390 si
991 353 1130 404 possiet

203 404 444 443 Meretricem
465 405 569 442 illam
590 405 770 450 invenire,
792 419 907 456 quam
927 406 1017 444 olim
1039 406 1182 452 tollere,

203 457 334 504 Quom
353 459 433 509 ipse
452 459 675 509 exponebat,
695 471 742 496 ex
761 459 905 497 insidiis
923 459 1077 497 viderat.

203 511 334 557 Nunc,
354 511 456 562 quod
474 512 661 562 reliquum
683 519 810 559 restat,
831 513 916 549 volo
934 512 1157 563 persolvere,

203 564 258 602 Ut
277 572 516 616 expungatur
536 577 688 608 nomen,
708 577 756 603 ne
775 565 867 616 quid
887 565 1059 603 debeam.

202 617 432 656 Adolescens
450 617 512 656 hic
532 626 588 655 est
606 618 781 669 Sicyoni:
812 619 845 655 ei
870 619 963 656 vivit
981 627 1098 670 pater.

202 671 242 708 Is
261 684 388 709 amore
406 671 657 723 projecticiam
677 671 782 709 illam
802 671 960 722 deperit,

202 723 301 767 Quae
319 724 466 762 dudum
486 724 579 762 flens
598 725 687 762 hinc
705 725 798 762 abiit
815 725 862 762 ad
881 733 1040 763 matrem
1059 737 1169 763 suam
1189 739 1200 762 τ

199 778 254 816 Et
272 778 338 816 illa
355 778 457 816 hunc
476 785 605 815 contra
620 791 631 820 ς
659 778 725 828 qui
740 787 794 815 est
808 791 913 815 amor
930 779 1200 816 suavissumus.

200 832 256 869 Ut
275 840 363 869 sunt
380 831 562 877 humana,
584 831 679 868 nihil
697 838 752 868 est
769 841 997 882 perpetuum
1017 831 1163 870 datum.

202 885 315 922 Pater
333 884 557 922 adolescenti
575 884 663 921 dare
681 883 760 922 volt
778 897 947 922 uxorem.
988 885 1075 923 Hoc
1094 885 1160 923 ubi

200 937 330 975 Mater
348 937 509 983 rescivit,
526 937 639 985 jussit
657 937 792 974 arcessi
810 937 859 974 ad
877 950 916 975 se
935 950 1018 975 eam
1037 938 1209 976 domum.

199 991 294 1029 Haec
314 1004 370 1028 res
389 991 441 1028 sic
459 998 564 1041 gesta
583 998 649 1027 est.
694 990 800 1028 Bene
819 991 952 1038 valete,
972 999 1010 1028 et
1026 991 1164 1030 vincite

195 1045 350 1082 Virtute
368 1043 466 1090 vera,
488 1042 589 1094 quod
609 1043 744 1082 fecistis
762 1043 951 1082 antidhac.

197 1100 349 1136 Servate
367 1106 509 1135 vostros
528 1097 658 1143 socios,
678 1104 818 1134 veteres
836 1105 873 1135 et
890 1109 1006 1135 novos
1022 1111 1032 1134 :

196 1152 350 1201 Augeae
368 1151 511 1188 auxilia
529 1151 663 1187 vostris
678 1150 790 1198 justis
809 1151 979 1200 legibus:

199 1205 349 1242 Perdite
368 1204 576 1254 perduelles
592 1217 604 1247 r,
634 1203 753 1254 parite
770 1203 922 1241 laudem
942 1210 979 1241 et
995 1203 1178 1253 lauream,

199 1258 255 1296 Ut
274 1258 379 1296 vobis
397 1257 483 1296 victi
505 1257 612 1295 Poeni
631 1268 760 1308 poenas
778 1257 970 1295 sufferant.

454 1438 642 1478 ACTUS
672 1439 730 1478 ΙΙ.
786 1439 972 1479 SCENA
1002 1440 1037 1478 1.

375 1566 795 1605 ALcEsnrAncnus.
857 1567 1110 1606 MELAEms.

1257 511 1309 549 40

1255 778 1307 814 45

1254 1047 1306 1083 50

190 1688 278 1724 Alc.
293 1685 414 1724 Credo
434 1698 502 1737 ego
516 1685 702 1724 Amorem
721 1687 889 1737 primum
908 1687 1011 1738 apud
1029 1687 1201 1728 homines
1219 1702 1300 1729 car-

348 1740 540 1777 nifieinam
560 1749 832 1778 commentum.

188 1793 302 1832 Hanc
330 1807 398 1844 ego
426 1792 473 1830 de
499 1805 562 1830 me
588 1793 842 1841 conjecturam
870 1793 975 1832 domi
1001 1793 1112 1844 facio,
1140 1808 1189 1834 ne
1205 1796 1297 1835 foris

347 1858 530 1897 quaeram,

187 1900 267 1945 Qui
293 1900 438 1938 omneis
461 1898 635 1937 homines
659 1913 795 1951 supero
820 1907 936 1953 atque
968 1901 1120 1940 antideo
1152 1903 1294 1942 crucia-

343 1952 552 1991 bilitatibus
571 1953 701 1991 animi.

181 2008 327 2055 Jactor‚
356 2006 511 2052 crucior,
541 2006 675 2057 agitor,
705 2008 892 2058 stimulor,
921 2020 1049 2047 vorsor
1079 2008 1122 2047 in
1153 2009 1292 2050 amoris

339 2060 425 2099 Tota
443 2059 568 2096 miser·

177 2115 403 2159 Exanimor,
441 2112 553 2160 feror,
585 2112 750 2163 differor,
783 2115 986 2164 distrahor,
1016 2114 1197 2167 diripior:
1236 2117 1291 2156 ita

336 2165 510 2205 nubilam
528 2174 698 2205 mentem

1265 2173 1290 2207 5
