1412 2427
453 41 681 81 CASINA.
713 42 771 80 11.
799 44 836 86 7.
1125 39 1199 78 291

120 204 127 213 ι
332 151 431 188 Stal.
451 148 557 187 Tum
577 161 646 188 nos
665 148 732 186 diu
751 148 890 196 vivere,
913 147 1113 199 Olympio,
1151 146 1202 183 65

95 202 266 277 bandm·
286 256 414 306 Olym.
441 255 588 321 Pietaiie
604 255 749 294 factum
765 255 812 293 ’st
830 254 931 303 mea,
951 262 1066 305 atque
1084 254 1204 303 majo-

386 321 475 347 rum
492 321 634 348 meum.

92 363 190 400 Stul.
221 362 329 401 Intro
346 363 423 410 abi,
436 363 554 408 uxor,
575 371 690 415 atque
707 362 850 400 adorna
867 361 1033 412 nuptias.

700 418 803 456 Cleo.
829 415 1000 462 Faciam,
1019 421 1063 451 ut
1078 415 1204 463 juboe.

91 470 192 508 Stat.
219 468 336 509 Sci'n'
357 478 400 508 tu
418 469 498 509 ruri
516 482 594 508 esse
611 468 661 506 ad
679 470 808 507 villam
823 469 950 519 longe,
967 479 1044 519 quo
1063 466 1206 505 duoet?

633 524 733 562 Cleo.
763 522 862 561 Scin.

855 576 954 615 Stat.
983 574 1092 612 Intro
1114 573 1201 612 abi:

90 629 158 678 Et,
178 643 414 682 quamquam
432 631 505 669 hoc
524 630 593 668 fibi
608 630 655 668 'st
674 643 786 681 aegre,
806 637 934 668 tamen
952 627 1012 718 falc
1031 640 1205 719 accEi-ci‘t

90 737 190 775 Stat.
222 737 371 776 Eamus
399 750 468 777 nos
493 750 647 788 quoque
671 738 797 784 inti-03
825 683 1091 775 hortetguiont
1118 747 1205 786 pro-

246 800 393 842 perem·
415 846 545 895 Olym.
574 844 780 896 Numquid
793 856 924 882 moror
935 845 953 882 Ρ
1153 841 1205 885 70

91 895 182 934 Stal.
214 897 336 946 Nam,
355 907 538 949 prffiente
555 898 641 946 hoc,
668 899 780 949 plura
798 899 912 936 verba
929 909 1006 934 non
1024 894 1208 934 desidero.

333 1058 518 1098 ACTUS
538 1058 601 1099 ΙΙ.
657 1059 842 1098 SCENA
862 1057 964 1096 VII.

523 1166 779 1205 Cuamxus.

91 1272 133 1311 Si
151 1285 253 1311 nunc
271 1285 334 1312 me
351 1273 595 1324 suspendam,
614 1285 741 1311 meam
759 1285 914 1323 operam
932 1271 1104 1319 luserim,

90 1326 160 1373 Et,
180 1334 316 1377 praeter
333 1340 501 1378 operam,
519 1326 650 1364 ratim
669 1327 955 1374 sumtifecerim,

91 1379 147 1417 Et
164 1380 260 1418 meis
277 1380 440 1418 inimicis
459 1379 692 1430 voluptatem
714 1381 928 1418 creaverim.

94 1432 201 1476 Quid
219 1433 360 1484 opu’st,
381 1434 450 1485 qui
468 1433 519 1471 sic
537 1434 738 1470 mortuus?
767 1433 945 1484 equidem
963 1440 1092 1471 tamen

93 1487 194 1525 Sorti
213 1499 300 1524 sum
319 1487 453 1526 victus.
496 1486 636 1525 Casina
653 1488 774 1525 nubet
792 1487 930 1525 villico.
1181 1486 1206 1522 5

93 1541 229 1591 Atque
245 1540 286 1578 id
304 1553 381 1579 non
395 1548 475 1579 tam
495 1553 593 1591 aegre
607 1540 654 1578 'st
669 1541 752 1590 jam
770 1541 899 1579 vicisse
916 1539 1102 1587 villicum,

94 1593 227 1640 Quam
245 1593 286 1631 id
304 1595 526 1646 expetivisse
543 1606 655 1644 opere
674 1603 752 1632 tam
771 1607 913 1645 magno
931 1605 1074 1641 senem,

94 1647 159 1684 Ne
177 1660 222 1684 ω.
234 1647 331 1684 mihi
347 1649 512 1691 daretur,
531 1655 647 1698 atque
664 1656 707 1685 ut
725 1648 782 1685 illi
800 1649 970 1686 nuberet.

94 1700 152 1738 Ut
169 1700 235 1738 ine
251 1701 488 1751 trepidabat!
520 1709 564 1737 ut
581 1701 782 1739 festinabat
799 1702 938 1740 miser!

96 1753 153 1791 Ut
171 1753 422 1801 subsultabat,
440 1761 641 1806 postquam
662 1754 751 1792 vicit
764 1754 913 1793 villicus
928 1755 938 1792 !
1164 1753 1210 1790 10

96 1807 219 1844 Atat!
251 1807 455 1846 concedam
472 1807 574 1845 huc:
606 1807 720 1846 audio
738 1809 874 1859 aperiri
891 1808 1003 1847 foreis

98 1860 204 1898 Mihi
222 1860 510 1899 benevolenteis.
554 1862 685 1911 Atque
701 1875 725 1899 a
743 1874 807 1900 me
822 1862 1024 1912 prodeunt.

99 1913 180 1952 Hic
198 1926 244 1951 ex
263 1913 410 1952 insidiis
426 1914 530 1952 hisce
548 1926 617 1965 ego
635 1914 790 1954 insidias
807 1915 917 1954 dabo.
