1412 2427
164 35 237 73 142
450 35 812 74 AULULARIA.
841 36 915 75 IV.
944 38 981 73 2.

158 139 307 178 Eodem
325 141 438 179 modo
457 154 608 180 servum
625 148 745 180 ratem
759 154 837 181 esse
849 142 991 180 amanti
1009 141 1099 180 hero
1113 153 1267 193 aequum

321 206 467 243 censeo,
550 206 586 244 ‘2²⁷2
610 223 650 240 ,ζ
1218 195 1263 231 ll

158 248 215 286 Ut
227 247 370 294 toleret,
384 260 432 285 ne
445 261 597 299 pessum
610 249 732 296 abeat,
745 255 941 300 tamquam
958 246 1266 307 [catapirateria.]

158 300 293 339 Herile
318 301 522 352 imperium
547 301 698 349 ediscat,
722 309 777 345 ut,
798 302 900 353 quod
918 301 1022 340 frons
1040 301 1144 349 velit,
1163 301 1264 338 oculi

319 355 451 392 sciant.

159 406 276 455 Quod
309 409 455 456 jubeat,
491 407 574 446 citis
605 407 797 459 quadrigis
829 408 937 446 citius
975 414 1149 459 properet
1179 419 1266 457 per-

320 473 438 511 sequ1.
710 473 736 503 κ,
787 492 790 494 .

156 513 238 561 Qui
255 527 299 552 ea
316 514 476 561 curabit,
496 512 697 551 abstinebit
715 514 885 552 censione
902 513 1061 552 bubula.
1214 512 1262 549 15

157 567 198 604 Ν
200 579 241 605 ec
259 567 328 605 sua
346 567 460 618 opera
477 566 619 617 rediget
639 579 810 618 unquam
835 567 876 604 in
903 566 1143 619 splendorem
1161 577 1267 604 com-

317 621 441 672 pedes-

157 673 275 712 Nunc
292 673 406 712 herus
433 685 540 711 meus
559 680 662 710 amat
678 673 798 711 filiam
816 672 932 723 hujus
951 673 1148 712 Euclionis
1168 684 1267 723 pau-

346 740 441 765 ens:

155 779 272 828 Eam,
295 741 384 819 hieto
403 793 505 820 nunc
521 781 781 819 renuntiatum
800 779 861 826 ’st‚
881 788 1047 831 nuptum
1063 779 1154 817 huic
1173 777 1265 817 Me-

315 833 454 884 gadoro
472 835 565 872 dari.

155 885 197 924 Is
225 888 462 937 speculatum
486 888 562 926 huc
584 887 690 926 misit
705 899 782 935 me,
808 894 864 932 ut,
885 900 970 938 quae
988 887 1133 935 fierent,
1158 885 1264 924 fieret

315 941 514 992 particeps.

154 992 272 1030 Nunc
291 993 370 1031 sine
388 995 493 1031 omni
520 994 730 1044 suspicione
746 992 788 1029 in
806 992 869 1030 arii
886 992 950 1030 hic
968 993 1129 1031 assidam
1148 992 1263 1031 sacra.

154 1045 258 1084 Hinc
277 1059 346 1097 ego
372 1054 408 1085 et
433 1047 510 1086 huc
537 1054 574 1085 et
599 1047 691 1086 illuc
717 1053 860 1096 potero‚
890 1046 983 1096 quid
1008 1053 1136 1097 agant,
1162 1046 1263 1084 arbi-

314 1100 456 1139 trarier.
1210 1099 1258 1136 21

404 1260 589 1298 ACTUS
610 1260 685 1298 IV.
741 1259 925 1298 SCENA
949 1259 1010 1297 ΙΙ.

454 1367 648 1406 Eueno.
679 1368 952 1405 STROBILUS.

146 1475 247 1510 Eue.
278 1473 344 1510 Tu
378 1473 493 1510 modo
511 1473 607 1510 ‘cave
635 1472 844 1523 quoiquam
875 1470 1083 1519 indicassis,
1119 1483 1256 1509 aurum

306 1538 437 1564 meum
456 1537 534 1563 esse
551 1525 647 1571 istic,
666 1524 792 1563 Fides.

145 1578 238 1616 Non
269 1587 400 1617 metuo
431 1591 480 1616 ne
509 1579 712 1629 quisquam
748 1578 939 1617 inveniat:
979 1578 1034 1616 ita
1065 1579 1182 1628 probe
1213 1578 1253 1616 in

304 1632 457 1670 latebris
475 1632 592 1669 situm
610 1631 671 1669 ’st-

143 1684 308 1736 Edepol,
340 1698 400 1723 nae
430 1685 507 1722 illic
538 1684 737 1734 pulchram
768 1684 938 1734 praedam
969 1691 1072 1736 agat,
1104 1684 1135 1723 si
1167 1684 1256 1736 quis

302 1739 409 1777 inam
427 1738 611 1776 invenerit

141 1789 288 1828 Aulam
316 1801 491 1830 onustam
520 1792 628 1829 auri!
658 1804 790 1830 verum
819 1791 859 1828 id
887 1799 924 1829 te
946 1804 1074 1842 quaeso
1096 1799 1141 1829 ut
1168 1803 1256 1842 pro-

303 1845 475 1892 hibessis‚
497 1845 622 1883 Fides.

140 1898 257 1936 Nunc
283 1899 432 1946 lavabo,
461 1908 505 1936 ut
531 1911 612 1936 rem
640 1898 807 1937 divinam
839 1898 993 1947 faciam,
1020 1910 1070 1937 ne
1098 1897 1251 1936 affinem

299 1965 437 1999 morer,
1225 1952 1250 1986 5

139 2004 259 2054 Quin,
280 2005 348 2043 ubi
371 2013 528 2045 arcessat
547 2018 623 2055 me,
643 2018 770 2045 meam
789 2005 981 2056 extemplo
999 2004 1121 2043 filiam
1139 2003 1255 2041 ducat

297 2058 467 2097 domum.
