1412 2427
466 27 806 68 BACCHIDES.
837 27 920 66 111.
949 32 987 68 3.
1208 30 1281 68 185

164 140 295 176 Mues.
322 137 482 187 Propter
510 148 574 174 me
601 136 681 173 haec
707 147 810 173 nunc
836 148 923 174 meo
951 136 1068 175 sodali
1095 136 1170 174 dici
1197 137 1273 175 dis-

318 191 462 228 crucior
479 189 606 227 miser.
1217 191 1265 227 31

158 245 345 289 Innocens
364 243 616 294 suspicionem
634 241 734 279 hanc
753 241 913 280 sustinet
929 241 1043 280 ‹zaus'a⁴
1062 243 1162 281 mea.

158 299 270 336 Phil.
288 297 387 344 Alii,
404 297 527 348 Lyde,
547 307 649 333 nunc
668 304 758 333 sunt
775 308 911 334 mores.

571 350 674 399 Lyd.
693 349 742 386 Id
762 349 938 400 equidem
957 362 1025 399 ego
1045 358 1145 387 certo
1164 350 1240 388 scio
1255 364 1267 388 ε

157 405 262 442 Nam
282 403 373 441 olim
392 403 526 455 populi
543 403 649 454 prius
667 402 846 440 honorem
869 403 1039 454 capiebat
1057 403 1251 454 suffragio,

156 458 288 505 Quam
308 458 491 508 magistro
510 457 703 495 desinebat
723 469 801 494 esse
819 456 920 494 dicto
939 456 1127 494 obediens.
1216 458 1267 493 35

154 513 214 549 At
242 524 359 558 nunc,
393 511 620 562 priusquam
650 510 913 560 septuenni’sg
947 509 979 548 si
1011 510 1147 560 attigas
1180 522 1268 547 eum

313 577 446 612 manu,
1256 579 1259 583 ·

154 617 364 669 Extemplo
381 630 476 669 puer
494 616 701 668 paedagogo
719 615 851 656 tabula
869 616 1054 668 dirumpit
1071 624 1200 667 caput.

154 671 285 719 Quom
321 680 471 722 patrem
508 671 618 709 adeas
654 671 906 722 postulatum,
943 683 1061 722 puero
1093 671 1145 709 sic
1178 669 1268 709 dicit

311 732 419 775 pater
435 738 446 762 ι

153 778 293 816 Noster
311 785 405 826 esto,
426 778 520 816 dum
541 785 577 816 te
595 777 736 827 poteris
753 777 945 816 defensare
962 777 1114 827 injuria.

154 832 386 870 Provocatur
400 831 633 882 paedagogus
648 845 658 869 z
681 831 766 879 eho,
782 844 895 870 senex
908 832 1060 868 minimi
1073 831 1192 882 preti!
1216 831 1268 869 40

152 885 216 923 Ne
233 886 371 935 attigas
388 898 553 937 puerum
572 885 665 922 istac
685 886 811 932 causa,
832 885 985 935 quando
1001 885 1090 923 fecit
1109 894 1270 923 strenue.

111 959 113 961 ·
152 939 193 976 It
211 939 404 988 magister,
426 937 555 990 [quasi
574 939 742 985 lucerna,
761 945 877 976 uncto
895 947 1074 989 expretus
1090 938 1242 990 lintea]

152 993 239 1030 Itur
256 992 361 1031 illinc
377 994 464 1042 jure
481 993 595 1030 dicto.
651 992 822 1029 Hoccine
838 991 904 1029 hic
921 1000 1030 1042 pacto
1049 999 1174 1042 potest

152 1046 333 1084 Inhibere
364 1046 568 1097 imperium
599 1045 793 1095 magister,
825 1045 857 1083 si
885 1045 992 1095 ipsus
1022 1045 1170 1096 primus
1200 1058 1265 1083 va-

150 1154 285 1190 Mnes.
309 1099 447 1191 ἓξὲξ
457 1152 663 1204 postulatio
687 1153 770 1191 haec
799 1160 864 1198 est,
885 1165 1001 1204 quom
1029 1151 1145 1201 hujus
1166 1151 1266 1190 dicta

309 1206 496 1257 intelligo.
1212 1206 1264 1241 45

150 1260 257 1298 Mira
275 1267 378 1305 sunt,
398 1260 439 1297 ni
459 1259 687 1298 Pistoclerus
706 1259 865 1311 Lydum
884 1259 1024 1311 pugnis
1042 1258 1225 1296 contudit.

150 1315 262 1353 Phil.
287 1313 474 1374 Sed-quis
499 1313 562 1352 hic
582 1320 651 1362 est,
681 1326 797 1365 quem
823 1314 1035 1352 adstantem
1053 1311 1162 1350 video
1181 1318 1269 1349 ante

307 1369 517 1472 osuumijd·
542 1420 580 1459 O
601 1420 836 1459 Philoxene!

149 1476 283 1513 Mnes.
312 1473 417 1512 Deos
444 1474 627 1526 propitios
648 1487 711 1513 me
730 1475 871 1524 videte,
890 1487 1009 1527 quam
1036 1473 1164 1520 illum,
1182 1484 1266 1511 ma-

308 1528 446 1567 vellem
464 1528 573 1566 mihi.

150 1584 260 1622 Phil.
282 1581 382 1630 Quis
399 1582 480 1621 illic
498 1583 585 1621 est?

520 1636 623 1686 Lyd.
654 1635 933 1684 Mnesilochus,
951 1634 1033 1674 nati
1050 1633 1108 1673 tui
1125 1632 1265 1672 sodalis

606 1690 829 1735 Pistocleri;

148 1742 269 1781 Haud
283 1741 469 1782 consimili
487 1741 640 1794 ingenio
654 1752 768 1795 atque
782 1744 847 1782 ille
861 1750 930 1791 ost,
946 1742 1014 1794 qui
1031 1742 1072 1780 in
1090 1739 1267 1793 lupanari

148 1798 673 1894 Fortunalt‘ilctilabllgicobulum,
694 1850 762 1902 qui
779 1850 891 1888 illum
910 1848 1092 1900 produxit
1110 1848 1183 1886 sibi
1198 1796 1264 1884 !5⁰

149 1905 261 1942 Phil.
289 1904 426 1942 Salvus
454 1903 517 1952 sis,
546 1904 787 1943 Mnesiloche
803 1917 814 1941 ι
848 1903 998 1942 salvum
1026 1910 1062 1941 te
1090 1899 1266 1940 advenire

149 2013 207 2049 M
207 2024 282 2050 nes.
307 1957 595 2057 {zili‘lzoamenss
615 2011 838 2049 Philoxene.

455 2065 558 2113 Lyd.
578 2064 656 2104 Hic
672 2066 775 2104 enim
796 2064 865 2103 rite
883 2063 1121 2154 Ρῐοᾱιιεὲιξῐ
1139 2059 1237 2112 patri
1255 2073 1265 2096 τ
