1412 2427
285 98 363 135 340
553 97 953 137 CISTELLARIA.
983 97 1059 135 IV.
1088 100 1126 135 2.

287 203 452 241 Facilius
471 214 594 256 posset
613 217 777 252 noscere,
798 217 884 256 quae
901 204 1002 242 herae
1020 217 1114 243 meae
1132 204 1323 257 supposita
1337 212 1392 243 est

444 272 584 309 parva;

284 309 415 357 Quam
436 312 611 362 quaedam
629 311 806 350 meretrix
829 311 862 349 ei
881 311 995 349 dedit.

570 367 678 403 Lam.
715 366 894 403 Nostram
913 365 993 402 haec
1010 378 1089 403 rem
1107 365 1312 403 fabulatur.
1340 366 1392 402 50

284 417 397 455 Hanc
416 418 506 456 scire
525 427 683 470 oportet,
705 419 782 455 filia
801 426 866 455 tua
886 418 951 455 ubi
971 419 1031 463 sit,
1051 419 1159 469 signa
1177 427 1220 456 ut
1238 418 1339 456 dicit.
1378 439 1379 442 =

285 472 384 508 Hal.
405 471 443 508 N
449 484 521 509 unc
536 485 618 510 eam
640 472 718 509 volt
737 485 815 509 suae
833 471 946 508 matri
965 480 1001 509 et
1019 473 1131 523 patri,
1146 472 1286 523 quibus
1304 477 1393 509 nata

443 534 511 572 est,
531 525 683 563 reddere
703 525 813 562 ultro.

282 577 346 614 Mi
377 577 506 625 homo,
541 581 707 625 obsecro,
737 577 831 616 alias
862 590 920 616 res
947 578 1068 629 geris;
1098 591 1167 630 ego
1193 577 1263 617 tibi
1288 590 1394 616 meas

442 644 501 670 res
520 632 671 670 mando.
1074 630 1078 633 Δ

282 684 396 721 Lam.
427 685 532 724 Istuc
557 699 650 736 ago:
681 692 796 737 atque
820 684 918 723 istuc
946 683 1042 722 mihi
1064 684 1170 723 cibus
1198 694 1266 732 est,
1286 683 1390 736 quod

441 738 636 777 fabulare:

276 790 365 837 Sed,
387 791 484 828 inter
502 805 581 830 rem
600 791 793 842 agundam
817 791 943 840 istam,
963 791 1065 829 herae
1091 790 1181 828 huic
1200 789 1389 842 respondi,

439 845 541 896 quod
560 847 727 894 rogabat.
1338 846 1389 881 55

279 895 398 935 Nunc
427 897 475 934 ad
502 906 538 936 te
564 898 696 936 redeo:
727 898 759 937 si
787 897 881 949 quid
910 904 965 936 est
989 909 1099 949 opus,
1127 897 1211 942 dic;
1240 896 1388 949 impera

440 958 477 988 et
496 959 553 989 tu.

278 1001 386 1049 Quid
405 1005 633 1054 quaeritabas
649 1007 667 1043 Ρ

480 1059 578 1096 Hal.
607 1059 670 1096 Mi
687 1058 819 1106 homo,
839 1065 877 1096 et
893 1070 979 1097 mea
996 1058 1147 1108 mulier,
1167 1071 1233 1098 vos
1252 1059 1388 1098 saluto.

275 1109 405 1147 Phan.
433 1111 488 1149 Et
506 1124 573 1150 nos
591 1119 652 1150 te:
684 1111 750 1149 sed
770 1111 864 1163 quid
883 1112 1058 1163 quaeritas
1070 1111 1088 1148 ἲ

776 1166 875 1203 Ηαῑ.
911 1165 1124 1216 Vestigium
1140 1165 1204 1204 hic
1220 1165 1385 1218 requiro,

274 1215 367 1262 Qua
385 1217 538 1269 aufugit
556 1218 732 1271 quaedam
752 1218 971 1269 nescio—quo
989 1219 1097 1256 mihi.

639 1274 769 1310 ΡΙιαη.
799 1271 904 1315 Quid
922 1271 990 1309 id?
1017 1271 1111 1323 quid
1129 1271 1169 1310 id
1185 1285 1277 1311 nam
1295 1279 1350 1312 oet
1364 1275 1383 1312 ἓ

274 1323 374 1361 Ηαῖ.
402 1325 590 1364 Alienum
613 1325 717 1377 quod
745 1325 930 1363 damnum
953 1325 1098 1374 afferat,
1127 1334 1165 1365 et
1187 1338 1387 1365 moerorem

431 1379 674 1417 familiarem.
1334 1380 1388 1418 60

274 1431 390 1468 Lam.
415 1431 527 1471 Mala
544 1445 668 1481 menz,
687 1431 793 1479 hera,
812 1431 895 1470 haec
913 1437 950 1469 et
969 1431 1106 1471 callida
1124 1440 1191 1472 est.

803 1486 934 1523 Phan.
961 1485 1133 1535 Ecastor,
1151 1487 1206 1525 ita
1222 1485 1382 1526 videtur.

274 1539 388 1576 Lam.
419 1538 600 1577 Imitatur
618 1550 785 1591 nequam
803 1539 962 1577 bestiam
983 1546 1021 1576 et
1038 1539 1294 1578 damnificam.

785 1593 916 1630 Phan.
946 1591 1168 1638 Quamnam
1181 1593 1199 1630 Ρ
1218 1595 1368 1632 amabo.

264 1646 379 1684 Lam.
406 1645 670 1694 Involvulum,
691 1659 778 1698 quae
795 1645 836 1683 in
853 1645 1028 1696 pampini
1044 1645 1135 1684 folio
1152 1646 1292 1685 intorta
1305 1647 1379 1685 im·

454 1699 544 1737 licat
564 1712 628 1737 se:

269 1751 413 1790 Itidem
427 1713 512 1790 iiaec
530 1752 722 1791 exorditur
739 1751 811 1790 sibi
829 1751 1010 1790 intortam
1028 1750 1248 1792 orationem.

260 1805 368 1852 Quid
399 1805 603 1857 quaeritas?

560 1861 659 1897 Hal.
691 1858 849 1897 Cistella
867 1857 962 1896 mihi
979 1858 1059 1904 hic,
1079 1858 1134 1896 mi
1151 1859 1380 1906 adolescens,

718 1912 892 1950 evolavit
997 1940 999 1942 -
1327 1915 1380 1952 65

262 1967 378 2004 Lam.
408 1966 457 2004 In
477 1978 631 2004 caveam
651 1966 771 2003 latam
796 1964 974 2015 oportuit.

649 2020 750 2057 Hal.
779 2019 819 2057 N
822 2031 870 2056 on
889 2017 1058 2068 (edepol)
1077 2018 1206 2069 praeda
1222 2033 1376 2071 magna.

262 2073 378 2111 Lam.
405 2072 572 2120 Mirum,
603 2072 698 2123 quin
724 2082 818 2124 grex
847 2072 1050 2110 vaenalium
1079 2072 1119 2110 in
1148 2072 1294 2112 cistella
1320 2074 1403 2114 in..

422 2126 538 2165 fuerit
556 2126 644 2164 una.

262 2180 394 2220 Phan.
426 2182 517 2220 Sine
536 2178 647 2218 dicat.
