1412 2427
175 62 252 98 324
468 58 868 98 CISTELLARIA.
902 59 935 96 1.
969 60 1002 97 l.

174 168 294 205 Lena..
323 167 446 206 Stulte
460 165 634 215 (ecastor)
651 165 763 204 feeit:
793 166 857 204 sed
875 173 916 203 tu
937 177 983 204 en
1003 177 1174 217 unquam
1194 177 1283 204 cum

331 221 518 271 quiquam
537 219 616 257 viro
1230 221 1281 256 88

174 273 413 312 Consuevisti
424 273 441 309 ’Β

297 328 369 365 Sil.
399 325 485 364 Nisi
503 324 658 377 quidem
678 338 765 363 cum
784 325 1083 371 Alcesimarcho,
1103 325 1280 363 nemine:

172 382 309 431 Neque
332 379 554 430 pudicitiam
581 391 707 416 meam
734 379 829 416 mihi
856 379 953 417 alius
978 379 1182 430 quisquam
1209 377 1284 415 im·

332 440 485 470 minuit.

491 487 611 523 Lena.
641 484 822 532 Obsecro,
1230 485 1282 522 90

173 541 264 588 Quo
282 540 315 578 is
331 540 447 578 homo
464 539 671 577 insinuavit
689 547 798 589 pacto
817 552 855 577 se
874 539 921 576 ad
941 539 1005 577 te?

887 594 959 630 Sil.
988 593 1062 630 Per
1081 591 1280 642 Dionysia,

173 647 300 686 Mater
328 659 510 699 pompam
542 659 605 684 me
637 653 845 696 spectatum
878 645 1013 683 duxit:
1046 644 1140 683 dum
1171 644 1282 683 redeo

330 700 505 747 domum,

172 753 440 806 [Conspicillo]
470 754 721 792 consecutu'st
747 752 965 791 clanculum
996 763 1059 789 me
1085 763 1207 802 usque
1233 751 1283 788 ad

331 807 467 844 foreis:

170 861 300 899 Inde
291 873 330 898 m
355 860 562 898 amicitiam
585 859 792 898 insinuavit
815 871 902 896 cum
925 865 1046 896 matre
1063 864 1101 896 et
1127 869 1279 896 mecum

328 912 457 958 simul,

172 966 390 1014 Blanditiis,
409 966 646 1012 muneribus,
665 965 786 1003 donis.

521 1021 572 1058 G
559 1033 638 1068 ι]ηι
671 1019 775 1056 Mihi
793 1019 909 1057 istum
927 1018 1123 1057 hominem
1141 1018 1276 1057 vellem

620 1072 725 1109 dari.
1226 1073 1278 1110 95

168 1126 223 1164 Ut
243 1138 312 1176 ego
334 1127 444 1164 illum
465 1138 679 1164 voi-sarem.
671 1126 680 1150 '

454 1181 526 1217 Si-I.
556 1178 664 1226 Quid
682 1192 758 1229 opu
761 1178 810 1217 'st
828 1180 981 1219 verbis?
1010 1178 1280 1218 consuetudine

168 1232 276 1283 Coepi
294 1244 421 1270 amare
439 1239 568 1270 contra
587 1245 656 1283 ego
674 1232 800 1280 illum,
820 1243 857 1271 et
875 1233 940 1272 ille
958 1246 1031 1272 me.

644 1287 764 1323 Lena.
794 1286 832 1325 O
852 1299 938 1324 mea
956 1286 1141 1325 Silenium
1158 1286 1168 1323 ἔ

968 1342 1040 1379 Sil.
1069 1339 1177 1387 Quid
1195 1339 1277 1377 est?

170 1396 292 1433 Lena.
308 1395 548 1433 Assimulare
563 1407 689 1433 amare
703 1399 862 1446 oportet.
890 1394 1012 1442 Nam,
1028 1394 1059 1432 si
1076 1405 1194 1441 ame3‚
1215 1404 1282 1430 ex-

326 1449 497 1500 tempulo

167 1501 313 1540 Melius
337 1502 394 1539 ini
424 1503 561 1549 multo,
587 1514 702 1553 quem
728 1514 846 1548 ames,
873 1501 1057 1546 consulas,
1080 1513 1197 1552 quam
1222 1500 1276 1538 rei

324 1563 412 1593 tuae.

167 1610 239 1647 Sil.
268 1609 327 1646 At
352 1609 416 1646 isse
441 1608 629 1660 conceptis
658 1607 801 1657 juravit
828 1606 950 1645 verbis
982 1606 1086 1658 apud
1114 1613 1275 1644 matrem

325 1674 465 1708 meam,
1198 1660 1273 1698 100

165 1714 236 1753 Me
254 1727 411 1753 uxorem
431 1715 635 1753 ducturum
653 1727 756 1753 esse:
778 1714 813 1752 ei
831 1726 933 1752 nunc
951 1714 1027 1752 alia
1044 1713 1217 1752 ducenda
1227 1714 1276 1752 'st

328 1768 502 1816 domum,

164 1821 244 1860 Sua
267 1829 426 1872 cognata
452 1821 706 1870 Lemniensis,
732 1835 819 1873 quae
847 1821 994 1861 habitat
1022 1821 1086 1860 hic
1114 1820 1155 1858 in
1183 1833 1271 1871 pro-

322 1887 465 1912 xumo:

165 1929 271 1966 Nam
303 1940 393 1965 eum
430 1936 534 1979 pater
558 1929 638 1977 ejus
671 1929 832 1980 subegit.
890 1929 1008 1968 Nunc
1036 1941 1121 1966 mea
1151 1934 1274 1965 mater

326 1980 421 2019 irata
439 1989 495 2019 est
513 1982 624 2029 mihi,

165 2034 270 2083 Quia
297 2046 372 2072 non
402 2034 574 2073 redierim
606 2035 765 2074 domum
798 2037 846 2075 ad
875 2050 927 2085 se,
957 2043 1158 2088 postquam
1187 2046 1273 2073 eam

323 2100 403 2126 rem
424 2088 540 2126 resciv
543 2088 649 2139 erim,
