1412 2427
442 90 784 129 BACCHIDES.
813 91 892 128 IV.
921 94 958 130 9.
1178 95 1254 131 211

807 198 859 234 N
858 199 906 235 ic.
926 197 1170 248 Congredior.
1200 201 1252 237 56

140 251 236 289 Chr.
267 248 466 300 Optumus
490 262 576 287 sum
595 256 742 288 orator:
773 250 822 288 ad
840 251 1028 289 lacrumas
1048 253 1154 303 coegi
1181 253 1250 291 ho-

223 318 226 319 ’
294 303 439 341 minem
458 303 689 353 castigando,

135 356 319 408 Maleque
337 356 460 405 dictis,
481 370 567 408 quae
581 356 737 408 quidem
755 356 860 408 quivi
879 358 1126 396 comminisci,

836 413 889 449 N
889 412 934 447 ic.
956 411 1065 458 Quid
1083 413 1165 450 ait?

957 467 1053 503 Chr.
1074 465 1247 504 Verbum

137 517 303 556 Nullum
332 518 443 557 feeit:
484 521 699 558 lacrumans
722 518 858 556 tacitus
885 519 1136 567 auscultabat,
1164 533 1249 570 quae

297 585 366 623 ego
383 573 588 624 loquebar:

138 624 296 663 Tacitus
327 626 548 686 conscripsit
578 625 762 664 tabellas:
803 625 1018 676 obsignatas
1051 626 1149 664 mihi
1180 626 1249 664 has

137 730 229 769 Tibi
257 678 454 781 ωΞΕΞΙιιιέἑίι
473 733 573 771 dare.
630 732 705 771 Sed
733 739 876 783 metuo,
895 744 944 771 ne
961 733 1063 772 idem
1082 681 1248 781 cantegg

294 786 399 837 quod
416 787 571 836 priores.

136 839 260 877 Nosce
277 839 443 890 signum.
499 841 620 878 Estne
639 841 721 890 ejus
735 841 753 878 ?

404 895 456 931 N
456 895 502 931 ic.
525 893 642 931 Novi.
698 893 813 931 Libet
830 894 1019 945 perlegere
1036 894 1116 933 has.

963 949 1058 987 Chr.
1078 948 1246 998 Perlege.

134 1000 174 1037 N
178 1013 251 1039 unc
271 1014 452 1052 superum
470 1001 589 1039 limen
608 1000 811 1047 scinditur;
844 1012 946 1038 nunc
963 1001 1069 1040 adest
1086 1002 1247 1040 exitium

296 1055 382 1092 Ilio.

134 1107 285 1146 Turbat
304 1121 425 1159 equus
443 1108 568 1159 lepide
586 1109 748 1160 ligneus.

341 1164 438 1201 Nic.
458 1162 656 1214 Chrysale,
676 1162 777 1208 ades,
797 1161 892 1199 dum
911 1175 980 1213 ego
998 1162 1066 1200 has
1085 1163 1249 1214 perlego.

138 1216 232 1254 Chr.
250 1215 359 1262 Quid
377 1229 440 1254 me
457 1216 527 1254 tibi
546 1217 673 1254 adesse
690 1229 787 1266 opus
806 1215 887 1253 aet?

391 1272 489 1307 Nic.
512 1270 628 1317 Volo,
649 1278 707 1315 ut,
728 1269 830 1320 quod
845 1270 1003 1318 jubebo,
1022 1269 1136 1308 facias
1153 1284 1165 1315 3
1195 1272 1246 1308 65

133 1323 191 1361 Ut
209 1323 316 1369 scias,
336 1336 423 1374 quae
440 1324 504 1361 hic
523 1323 660 1374 scripta
680 1323 786 1360 sient.

490 1378 586 1416 Chr.
607 1378 642 1415 N
649 1376 719 1414 ihil
737 1388 876 1421 moror,
896 1388 1020 1428 neque
1038 1377 1131 1416 scire
1150 1379 1247 1417 volo.

136 1432 188 1468 N
188 1432 234 1469 ic.
255 1429 405 1468 Tamen
424 1430 525 1469 adeS.

299 1485 396 1522 Chr.
416 1485 523 1532 Qm'd
542 1496 639 1534 opus
658 1492 713 1522 ffit
728 1487 745 1522 ἓ

365 1539 419 1576 N
418 1540 463 1577 ἱο.
484 1538 654 1576 Taceas:
685 1538 788 1590 quod
802 1539 933 1589 jubeo,
954 1539 994 1577 id
1011 1539 1139 1578 facias.

989 1594 1084 1632 Chr.
1102 1593 1248 1634 Adero.

136 1647 187 1683 N
188 1647 234 1683 ic.
254 1645 366 1696 Euge
383 1644 512 1683 literas
529 1645 723 1684 minutas!

548 1700 644 1738 Chr.
664 1699 746 1747 Qui
764 1700 921 1751 quidem
940 1700 1065 1739 videat
1082 1714 1220 1751 parum
1234 1718 1245 1740 ι

135 1753 299 1800 Verum,
318 1751 386 1803 qui
404 1752 494 1790 satis
511 1752 652 1799 videat,
672 1754 833 1804 grandes
852 1754 941 1792 satis
959 1762 1061 1793 sunt.

590 1808 686 1844 Nic.
706 1807 900 1846 Animum
919 1808 1105 1847 advortito
1123 1809 1252 1860 igitur.

138 1861 232 1899 Chr.
255 1859 372 1903 Nolo,
391 1858 563 1909 inquam.

297 1914 395 1950 Nic.
412 1913 470 1949 At
490 1913 587 1960 volo,
608 1912 780 1964 inquam.

471 1967 566 2004 Chr.
591 1966 695 2010 Quid
714 1970 872 2019 opu‘st?

562 2021 614 2057 N
614 2022 658 2058 ie.
676 2021 736 2058 At
753 2022 855 2059 enim
873 2021 926 2071 id,
948 2023 1050 2074 quod
1070 2031 1107 2062 te
1117 2025 1248 2073 jubeo,

669 2073 795 2112 facias.
1199 2078 1251 2121 70

138 2129 196 2167 Ch
204 2142 234 2165 r.
250 2128 278 2165 J
283 2135 412 2164 ustum
427 2126 488 2171 ’st,
502 2135 590 2164 tuus
602 2126 671 2165 tibi
685 2141 813 2167 servu-s
828 2137 894 2168 tuo
906 2131 1086 2169 arbitratu
1102 2131 1250 2170 serviat.

139 2184 190 2221 N
195 2183 241 2220 ὶε.
263 2182 351 2220 Hoc
369 2194 439 2231 age
458 2180 508 2219 sis
528 2181 609 2231 jam
629 2193 742 2220 nunc.
