1412 2427
220 63 300 100 304
520 105 531 110 ,
577 65 802 103 CASINA.
834 64 918 102 111.
949 66 986 101 6.

384 172 479 208 Stal.
498 171 558 209 At
574 171 712 209 blande
730 179 848 220 orato,
865 179 908 209 ut
926 171 1033 210 soles.
1061 169 1137 209 Sed
1155 169 1300 208 audi'n'
1314 171 1333 206 ?

223 221 264 259 Si
285 222 414 261 effexis
432 224 517 272 hoc,
538 224 654 263 soleas
674 225 743 262 tibi
761 224 871 269 dabo,
890 232 928 262 et
949 224 1137 262 annulum
1154 223 1196 260 in
1215 222 1334 274 digito

223 275 416 325 Aureum,
436 285 473 316 et
486 279 586 316 bona
602 278 782 329 plurima.

553 333 678 369 Pard.
706 331 877 382 Operam
901 330 1012 369 dabo.

764 387 862 423 Stat.
884 386 983 422 Face
1000 391 1044 421 ut
1062 383 1254 435 impetres.
1281 383 1333 421 66

227 437 350 474 Pard.
378 437 440 475 Eo
457 449 558 476 nunc
577 438 673 487 jam,
693 438 765 476 nisi
783 438 981 490 quidpiam
1001 450 1188 475 remorare
1204 449 1281 474 me.

934 492 1032 529 Stat.
1059 491 1156 537 Abi,
1177 497 1214 528 et
1231 502 1332 528 cura.

225 543 349 581 Pard.
369 544 500 590 Redit,
520 557 663 593 eccum,
685 544 838 583 tandem
852 551 1038 596 opsonatu
1057 544 1138 593 ejus
1155 543 1330 593 adjutor:

378 610 560 648 pompam
579 598 696 637 ducit.

455 771 639 812 ACTUS
662 773 744 811 III.
800 772 986 811 SCENA
1006 773 1084 811 VI.

425 900 668 939 Omnm’m.
705 899 865 938 Cocus.
903 899 1123 940 STALINO.

220 1023 337 1071 Olym
378 1020 494 1069 Vide,
514 1020 591 1069 fur,
611 1028 654 1058 ut
672 1020 809 1059 senteis
828 1021 899 1058 sub
918 1019 1033 1071 signis
1051 1020 1178 1059 ducas.

753 1075 841 1112 Coc.
867 1073 949 1121 Qui
969 1086 1056 1112 vero
1075 1081 1165 1112 sunt
1181 1074 1328 1112 sentes?

218 1129 351 1177 Olym.
364 1127 482 1176 Quia,
496 1128 598 1178 quod
611 1127 780 1178 tetigere,
799 1127 900 1165 illico
915 1127 1091 1178 rapiunt:
1107 1127 1137 1166 si
1151 1140 1213 1166 eas
1225 1140 1331 1179 erep-

375 1189 470 1226 tum,
490 1182 590 1220 illico
608 1181 800 1219 scindunt.

214 1235 288 1279 Ita,
308 1247 462 1285 quoquo
479 1235 701 1281 adveniunt,
721 1235 789 1273 ubi
807 1234 874 1273 ubi
893 1241 998 1284 sunt,
1024 1233 1167 1286 duplici
1184 1234 1325 1273 damno

373 1288 548 1326 dominos
566 1289 748 1326 multant.

215 1343 306 1381 Coc.
334 1341 431 1380 Eia!

431 1396 559 1444 Olym.
583 1395 703 1432 Atat:
725 1407 829 1433 cesso
853 1396 1067 1447 magnifice,
1093 1396 1328 1448 pan-imque,

532 1448 728 1499 amiceque
745 1449 800 1487 ita
817 1449 908 1488 hero

209 1501 305 1541 Meo
326 1502 379 1540 ire
398 1501 599 1540 advorsum
617 1504 635 1539 Ρ

373 1557 468 1594 Stal.
495 1556 606 1594 Bone
624 1555 696 1602 vir,
716 1555 830 1593 salve.

640 1609 768 1658 Olym.
797 1609 947 1647 Fateor.

806 1663 900 1700 Stal.
921 1662 1029 1710 Quid
1048 1663 1119 1701 fit?

889 1718 1018 1767 Olym.
1050 1717 1116 1755 Tu
1133 1729 1263 1757 amas}
1293 1721 1318 1756 5

209 1769 295 1819 Ego
315 1769 438 1806 esurio
456 1775 493 1807 et
511 1768 608 1807 sitio.

616 1823 714 1861 Stal.
746 1823 892 1873 Lepide
910 1832 1110 1863 excuratus
1127 1824 1320 1864 incessisti.

212 1877 343 1925 Olym.
374 1874 487 1924 [Aha
504 1874 666 1928 hodiel]

366 1930 466 1967 Stal.
494 1928 616 1967 Mane
634 1943 734 1979 vero,
756 1943 992 1982 quamquam
1008 1931 1168 1971 fastidis.

878 1985 1008 2035 Olym.
1038 1985 1103 2035 Ei,
1122 1986 1182 2024 ei!
1213 1985 1317 2025 foetet

209 2036 320 2074 Tuus
337 2036 432 2074 mihi
451 2048 585 2074 sermo.

369 2092 467 2128 Stal.
495 2089 595 2137 Quae
613 2102 670 2127 res
685 2090 702 2126 ἲ

530 2143 656 2192 Olym.
687 2144 784 2183 Haec
803 2158 874 2183 res.
