1412 2427
395 39 798 78 CISTELLARIA.
825 41 860 79 1.
894 41 927 77 1.
1132 40 1210 77 325

101 145 206 183 Eum
224 159 383 185 uxorem
402 146 607 184 ducturum
626 159 706 185 esse
724 147 852 184 aliam.

423 202 544 238 Lena.
574 200 686 237 Nihil
704 201 822 237 amori
841 200 1024 249 injurium
1039 199 1097 238 'st.
1131 201 1205 237 105

99 254 174 291 Sil.
203 254 321 298 Nunc
348 261 386 291 te
407 255 558 301 amabo,
586 261 629 291 ut
653 253 751 291 hanc
775 253 847 291 hoc
880 253 1050 291 triduum
1081 255 1205 292 solum

261 307 362 345 sinas

99 360 193 398 Esse
208 360 287 408 hie,
309 371 345 398 et
362 373 507 399 servare
531 359 634 412 apud
654 372 740 398 me:
770 372 863 397 nam
884 360 934 398 ad
959 368 1119 398 matrem
1148 375 1209 399 ar·

259 422 391 452 cessua
411 427 511 452 sum.

96 468 217 505 Lena.
238 467 488 519 Quamquam
502 467 598 505 mihi
611 467 714 505 istud
726 466 796 504 erit
808 467 1010 505 molestum
1023 468 1209 516 triduum,

263 528 301 559 et
318 521 504 559 damnum
523 521 644 567 dabis,

101 574 269 612 Faciam.

218 629 292 666 Sil.
320 627 430 665 Facis
446 626 610 677 benigne
629 635 666 665 et
683 627 814 666 amice.
861 627 936 666 Sed
953 637 1011 677 tu,
1033 629 1207 680 Gymna-
1281 619 1285 622 ⁴

257 694 358 719 sium
377 693 476 723 mea,

96 734 152 780 Si,
172 746 234 772 me
252 736 418 780 absente,
438 733 746 772 Alcesimarchus
765 735 903 783 veniet,
921 735 1039 773 nolito
1057 737 1191 774 acriter

97 787 205 825 Eum
232 788 460 826 inclamare:
509 791 617 836 (utut
636 801 724 838 erga
742 801 804 826 me
826 796 881 826 est
909 789 1080 836 meritus,
1109 789 1207 827 mihi

253 841 356 879 cordi
375 848 431 878 est
449 849 593 886 tamen)
1132 844 1170 880 ll
1186 843 1202 880 l

96 894 171 933 Sed
197 895 375 955 (amabo).
395 894 624 945 tranquille:
656 907 704 933 ne
728 895 836 947 quid,
861 895 964 947 quod
987 896 1044 933 illi
1068 896 1206 940 doleat,

93 948 280 1051 Accipias1
283 961 451 1062 ldilgzlestis:
475 1001 612 1052 siquid
630 1002 699 1040 tibi
717 1014 813 1052 opus
831 1002 900 1040 erit
928 1010 1097 1054 promtu,
1117 1016 1205 1054 pro-

254 1064 360 1092 mito.

93 1108 180 1159 Ego
199 1108 284 1146 volo
302 1109 367 1146 ire.

258 1164 376 1211 Gym.
409 1162 465 1200 Ut
482 1164 538 1200 mi
558 1162 728 1200 excivisti
746 1163 954 1214 lacrymas!

722 1218 796 1255 Sil.
826 1216 1081 1267 Gymnasium
1101 1230 1200 1266 mea,

93 1270 200 1308 Bene
219 1270 314 1309 vale.

152 1325 269 1373 (ἔφη.
287 1323 390 1363 Cura
402 1330 452 1372 te,
466 1325 615 1362 amabo.
644 1322 789 1362 Siccine
804 1323 1004 1362 immunda
1018 1326 1204 1373 (obsecro)

93 1377 202 1416 Ibis?

215 1432 289 1470 Sil.
318 1431 545 1469 Immundas
563 1431 732 1469 fortunas
751 1443 907 1482 aequum
920 1430 968 1469 'st
985 1432 1201 1483 squalorem

334 1498 373 1523 se
401 1485 454 1522 ui.
1123 1487 1199 1523 116

95 1540 214 1589 Gym.
237 1499 468 1577 Amiculum
485 1538 558 1576 hoc
575 1538 729 1576 sustolle
747 1537 893 1576 saltem.

414 1594 487 1631 Sil.
517 1591 608 1630 Sine
626 1591 738 1639 trahi,
759 1604 875 1642 quom
895 1591 1044 1642 egome't
1062 1593 1203 1632 trahor.

95 1646 213 1695 Gym.
241 1645 409 1693 Quando
427 1646 481 1684 ita
498 1645 568 1683 tibi
585 1646 705 1693 lubet,
722 1645 805 1683 vale
823 1654 936 1696 atque
955 1646 1068 1685 salve.

734 1700 807 1736 Sil.
836 1700 877 1737 Si
898 1700 1053 1749 possim,
1073 1700 1200 1738 velim.

95 1754 214 1802 Gym.
252 1753 456 1804 Numquid
482 1765 545 1791 me
571 1752 642 1800 vis,
669 1761 805 1801 mater,
833 1752 933 1791 intro
960 1753 1053 1804 quin
1083 1767 1166 1792 eam
1182 1756 1201 1792 ?

254 1806 425 1853 Ecastor,
444 1807 541 1844 mihi

93 1859 188 1898 Visa
206 1873 346 1897 amare.

215 1915 333 1951 Lena.
366 1913 467 1950 Istoc
485 1912 606 1950 aureis
623 1914 787 1963 graviter
804 1914 974 1953 obtundo
993 1921 1092 1962 tuas,
1124 1914 1201 1952 120

94 1966 159 2005 Ne
177 1979 293 2019 quem
311 1979 428 2004 ames.
468 1966 551 2004 Abi
566 1966 677 2004 intro.

318 2022 437 2070 Gym.
465 2019 671 2071 Numquid
689 2032 752 2058 me
769 2021 825 2059 vis
838 2020 857 2057 ’ἓ

658 2075 778 2111 Lena.
809 2075 863 2113 Ut
882 2074 1021 2111 valeas.

942 2128 1060 2174 (ἔψη.
1089 2127 1199 2165 Vale.

148 2192 255 2219 von.
286 2193 317 2219 1.
969 2181 994 2215 2
1016 2175 1067 2218 r*
