1412 2427
211 33 286 71 158
383 35 741 75 AULULARIA.
769 33 1137 86 [Supplemcntum.]

210 137 371 183 Deinde,
390 141 492 191 quod
511 142 754 193 concupiscis,
774 143 870 180 ferre
888 153 964 180 non
983 149 1100 193 potes.

209 191 278 238 At,
297 192 328 230 si
347 206 408 232 me
426 193 546 232 dulcis
564 195 746 233 libertatis
764 195 920 246 praemio
1262 196 1313 232 20

209 243 370 283 Dudum
390 247 590 297 captasses,
608 247 838 297 jamdudum
856 248 951 286 votis
969 247 1066 286 fores

210 297 309 335 Tuis
326 300 482 349 potitus.
521 301 682 340 Omneis
702 301 850 339 Natura
868 301 967 351 parit
983 301 1142 346 liberos3

209 350 263 387 Et
281 363 411 390 omnes
429 353 592 392 libertati
610 354 743 393 natura
760 354 923 392 student.

207 403 329 441 Omni
348 406 462 453 malo,
482 407 586 444 omni
605 407 718 445 exitio
737 409 841 458 pejor
860 406 1043 445 servitus:

207 456 261 493 Et
279 470 392 508 quem
408 459 562 510 Jupiter
579 460 672 508 odit,
693 473 842 498 servum
860 461 962 498 hunc
980 460 1149 510 primum
1168 459 1268 497 facit.

207 511 303 559 Lyc.
335 511 377 548 N
378 523 425 549 on
445 513 557 551 stulte
574 513 748 564 loqueris.

578 568 682 605 Stro.
718 566 822 604 Audi
842 565 987 617 reliqua
1004 578 1106 604 nunc
1120 566 1229 615 jam:
1260 567 1311 603 26

207 615 375 655 Tenaces
394 618 556 656 nimium
575 619 746 658 dominos
764 627 889 657 nostra
908 627 996 656 aetas
1015 619 1114 657 tulit.

206 668 316 715 Quos
336 670 597 722 Harpagones,
619 673 825 724 HarpyiaS,
845 680 881 710 et
900 672 1083 710 Tantalos

211 721 352 761 Vocare
370 724 484 771 soleo,
502 725 541 762 in
560 726 696 775 opibus
715 725 863 776 magnis
880 737 1076 776 pauperes,

206 773 261 812 Et
279 775 488 815 sitibundos
506 779 544 814 in
564 779 689 817 medio
708 778 852 818 Oceani
871 778 1032 828 gurgite.
1258 778 1310 817 30

206 828 249 865 N
250 828 338 867 ullae
355 830 430 867 illis
447 831 537 868 satis
556 831 696 870 divitiae
714 840 816 879 sunt,
837 843 911 869 non
933 831 1069 877 Midae,

207 880 298 918 Non
313 882 457 921 Croesi:
487 896 562 922 non
582 885 704 923 omnis
724 886 925 923 Persarum
944 883 1051 935 copia

205 933 372 984 Explere
390 936 542 974 illorum
561 945 759 976 tartaream
779 937 987 988 ingluviem
1005 944 1139 988 potest.

206 986 345 1037 Inique
363 988 508 1028 domini
527 990 640 1028 servis
658 997 819 1029 utuntur
838 990 941 1034 suis3

204 1039 258 1076 Et
276 1041 371 1078 servi
389 1041 518 1093 inique
536 1042 699 1082 dominis
717 1056 819 1082 nunc
836 1050 968 1094 parent
983 1043 1058 1080 suis
1073 1057 1083 1081 x
1257 1044 1310 1082 35

204 1093 266 1130 Sic
284 1092 327 1131 fit
346 1096 532 1142 neutrobi,
552 1097 654 1147 quod
665 1097 745 1135 fieri
760 1098 906 1146 justum
926 1096 1034 1134 foret.

205 1145 371 1192 Penum,
391 1149 562 1200 popinas,
585 1149 696 1188 cellas
713 1149 980 1201 promtuarias,

203 1197 425 1239 Occludunt
443 1201 549 1240 mille
566 1203 734 1241 clavibus
751 1203 854 1254 parci
876 1214 993 1240 senes.

203 1251 303 1298 Quae
322 1254 386 1291 vix
402 1254 580 1305 legitimis
600 1256 751 1294 concedi
770 1256 894 1307 gnatis
912 1256 1069 1293 volunt:

203 1305 308 1343 Servi
326 1306 484 1354 furaces,
506 1309 732 1358 versipelles,
753 1309 892 1355 callidi,
1257 1310 1309 1348 40

204 1358 368 1397 Occlusa
386 1361 492 1399 mille
511 1362 679 1400 clavibus
698 1363 769 1400 sibi
787 1369 975 1407 reserant3

203 1411 430 1464 Furtimque
447 1422 614 1465 raptant,
638 1423 880 1461 consumunt,
899 1414 1119 1464 ligurriunt,

202 1464 372 1504 Centena
390 1479 587 1518 nunquam
605 1468 707 1506 furta
725 1468 861 1506 dicturi
879 1480 1010 1505 cruce:

203 1518 265 1556 Sic
282 1519 501 1558 servitutem
519 1521 753 1558 ulciscuntur
771 1521 866 1559 servi
884 1521 977 1558 mali

201 1571 300 1609 Risu
315 1572 495 1623 jocisque.
535 1574 597 1612 Sic
615 1586 703 1624 ergo
722 1573 919 1621 concludo,
939 1574 1042 1625 quod
1256 1577 1309 1614 45

202 1624 335 1662 Servos
353 1625 481 1663 fideles
499 1626 701 1664 liberalitas
719 1627 821 1665 facit.

202 1678 299 1726 Lyc.
327 1678 446 1716 Recte
464 1680 618 1729 quidem
637 1687 694 1727 tu,
715 1681 781 1718 sed
798 1692 875 1718 non
894 1680 1037 1731 paucis,
1056 1688 1101 1719 ut
1119 1681 1215 1720 mihi

202 1730 411 1769 Pollicitus.
450 1732 612 1780 Verum,
633 1733 664 1771 si
681 1740 718 1771 te
735 1733 831 1772 facio
856 1734 1034 1782 liberum,

202 1782 370 1832 Reddes,
389 1785 494 1836 quod
511 1784 650 1837 cupio?

614 1842 719 1878 Stro.
746 1839 948 1879 Reddam:
978 1840 1044 1878 sed
1062 1847 1186 1889 testea,
1207 1841 1307 1890 volo,

199 1889 358 1928 Adsint.
395 1891 588 1941 IgnosceS..
608 1893 720 1940 here;
749 1906 887 1944 parum
905 1893 1015 1932 credo
1032 1894 1115 1933 tibi.
1256 1897 1310 1934 50

200 1944 300 1992 Lyc.
326 1944 383 1983 Ut
402 1945 532 1990 lubet;
562 1945 688 1984 adsint
705 1947 767 1984 vel
790 1954 967 1994 centum3
993 1948 1073 1997 jam
1093 1948 1149 1985 nil
1168 1960 1306 1987 moror.

202 1997 306 2035 Stro.
334 1997 556 2048 Megadore,
581 2006 619 2037 et
640 2006 698 2048 tu,
722 1999 931 2050 Eunomia,
954 2000 1094 2050 adeste,
1113 2015 1257 2054 precor,
1277 2002 1309 2042 si

365 2051 484 2090 lubet.

199 2103 339 2142 Exite:
368 2104 533 2156 perfecta
550 2118 604 2155 re,
624 2118 717 2145 mox
734 2107 915 2146 redibitis.
