<?xml version="1.0" encoding="UTF-8"?>
<!DOCTYPE html PUBLIC "-//W3C//DTD XHTML 1.0 Transitional//EN"
    "http://www.w3.org/TR/xhtml1/DTD/xhtml1-transitional.dtd">
<html xmlns="http://www.w3.org/1999/xhtml" xml:lang="en" lang="en">
 <head>
  <title>
</title>
<meta http-equiv="Content-Type" content="text/html;charset=utf-8" />
  <meta name='ocr-system' content='tesseract 3.04.00' />
  <meta name='ocr-capabilities' content='ocr_page ocr_carea ocr_par ocr_line ocrx_word'/>
</head>
<body>
  <div class='ocr_page' id='page_1' title='image "./comoediaesupers01plauuoft_0135.png"; bbox 0 0 1412 2427; ppageno 0'>
   <div class='ocr_carea' id='block_1_1' title="bbox 435 46 1251 93">
    <p class='ocr_par' dir='ltr' id='par_1_1' title="bbox 435 46 1251 93">
     <span class='ocr_line' id='line_1_1' title="bbox 435 46 1251 93; baseline 0.002 -9"><span class='ocrx_word' id='word_1_1' title='bbox 435 46 796 85; x_wconf 76' lang='lat' dir='ltr'>AULULARIA.</span> <span class='ocrx_word' id='word_1_2' title='bbox 827 47 885 84; x_wconf 90' lang='lat'><strong>11.</strong></span> <span class='ocrx_word' id='word_1_3' title='bbox 917 49 952 83; x_wconf 80' lang='lat'><strong>2.</strong></span> <span class='ocrx_word' id='word_1_4' title='bbox 1178 49 1251 93; x_wconf 77' lang='lat'><strong>127</strong></span> 
     </span>
    </p>
   </div>
   <div class='ocr_carea' id='block_1_2' title="bbox 133 153 1258 1924">
    <p class='ocr_par' dir='ltr' id='par_1_2' title="bbox 133 153 1258 1924">
     <span class='ocr_line' id='line_1_2' title="bbox 140 153 1258 205; baseline -0.001 -12"><span class='ocrx_word' id='word_1_5' title='bbox 140 155 308 205; x_wconf 87' lang='lat' dir='ltr'><strong>Impero.</strong></span> <span class='ocrx_word' id='word_1_6' title='bbox 327 159 532 204; x_wconf 85' lang='lat' dir='ltr'>auctorque</span> <span class='ocrx_word' id='word_1_7' title='bbox 545 166 647 201; x_wconf 84' lang='lat' dir='ltr'><strong>sum,</strong></span> <span class='ocrx_word' id='word_1_8' title='bbox 661 160 705 192; x_wconf 94' lang='lat' dir='ltr'><strong>ut</strong></span> <span class='ocrx_word' id='word_1_9' title='bbox 719 162 761 192; x_wconf 88' lang='lat' dir='ltr'><strong>tu</strong></span> <span class='ocrx_word' id='word_1_10' title='bbox 775 166 838 192; x_wconf 89' lang='lat' dir='ltr'><strong>me</strong></span> <span class='ocrx_word' id='word_1_11' title='bbox 852 153 1000 204; x_wconf 79' lang='lat' dir='ltr'><strong>quoivis</strong></span> <span class='ocrx_word' id='word_1_12' title='bbox 1018 154 1258 192; x_wconf 83' lang='lat' dir='ltr'><strong>castrandum</strong></span> 
     </span>
     <span class='ocr_line' id='line_1_3' title="bbox 297 207 1253 252; baseline 0.002 -8"><span class='ocrx_word' id='word_1_13' title='bbox 297 207 408 245; x_wconf 85' lang='lat' dir='ltr'><strong>loces.</strong></span> <span class='ocrx_word' id='word_1_14' title='bbox 1201 210 1253 252; x_wconf 66' lang='lat'><strong>&#39;31</strong></span> 
     </span>
     <span class='ocr_line' id='line_1_4' title="bbox 139 259 1255 322; baseline 0 -23"><span class='ocrx_word' id='word_1_15' title='bbox 139 263 255 322; x_wconf 84' lang='lat' dir='ltr'><strong>Meg.</strong></span> <span class='ocrx_word' id='word_1_16' title='bbox 282 259 408 298; x_wconf 88' lang='lat' dir='ltr'><strong>Video</strong></span> <span class='ocrx_word' id='word_1_17' title='bbox 425 261 440 306; x_wconf 95' lang='lat'>(</span> <span class='ocrx_word' id='word_1_18' title='bbox 456 259 599 309; x_wconf 87' lang='lat' dir='ltr'><strong>hercle)</strong></span> <span class='ocrx_word' id='word_1_19' title='bbox 629 273 698 312; x_wconf 84' lang='lat' dir='ltr'><strong>ego</strong></span> <span class='ocrx_word' id='word_1_20' title='bbox 725 267 762 299; x_wconf 88' lang='lat' dir='ltr'><strong>te</strong></span> <span class='ocrx_word' id='word_1_21' title='bbox 793 274 856 299; x_wconf 89' lang='lat' dir='ltr'><strong>me</strong></span> <span class='ocrx_word' id='word_1_22' title='bbox 884 260 1072 309; x_wconf 73' lang='lat' dir='ltr'><strong>arbitrari,</strong></span> <span class='ocrx_word' id='word_1_23' title='bbox 1104 262 1255 307; x_wconf 79' lang='lat' dir='ltr'><strong>Euclio,</strong></span> 
     </span>
     <span class='ocr_line' id='line_1_5' title="bbox 295 313 705 361; baseline 0.003 -10"><span class='ocrx_word' id='word_1_24' title='bbox 295 313 491 352; x_wconf 89' lang='lat' dir='ltr'><strong>hominem</strong></span> <span class='ocrx_word' id='word_1_25' title='bbox 509 313 705 361; x_wconf 85' lang='lat' dir='ltr'><strong>idoneum,</strong></span> 
     </span>
     <span class='ocr_line' id='line_1_6' title="bbox 140 365 1237 416; baseline 0.002 -11"><span class='ocrx_word' id='word_1_26' title='bbox 140 365 271 414; x_wconf 85' lang='lat' dir='ltr'><strong>Quem</strong></span> <span class='ocrx_word' id='word_1_27' title='bbox 289 367 438 405; x_wconf 81' lang='lat' dir='ltr'><strong>senecta</strong></span> <span class='ocrx_word' id='word_1_28' title='bbox 457 374 566 405; x_wconf 85' lang='lat' dir='ltr'><strong>aetate</strong></span> <span class='ocrx_word' id='word_1_29' title='bbox 582 367 693 405; x_wconf 88' lang='lat' dir='ltr'><strong>ludos</strong></span> <span class='ocrx_word' id='word_1_30' title='bbox 712 367 841 416; x_wconf 83' lang='lat' dir='ltr'><strong>facias,</strong></span> <span class='ocrx_word' id='word_1_31' title='bbox 861 367 967 406; x_wconf 86' lang='lat' dir='ltr'><strong>haud</strong></span> <span class='ocrx_word' id='word_1_32' title='bbox 985 379 1047 404; x_wconf 86' lang='lat' dir='ltr'><strong>me</strong></span> <span class='ocrx_word' id='word_1_33' title='bbox 1049 367 1120 405; x_wconf 87' lang='lat' dir='ltr'><strong>rito</strong></span> <span class='ocrx_word' id='word_1_34' title='bbox 1139 381 1237 407; x_wconf 86' lang='lat' dir='ltr'><strong>meo</strong></span> 
     </span>
     <span class='ocr_line' id='line_1_7' title="bbox 140 420 1252 473; baseline 0.001 -15"><span class='ocrx_word' id='word_1_35' title='bbox 140 423 240 458; x_wconf 82' lang='lat' dir='ltr'><strong>Eue.</strong></span> <span class='ocrx_word' id='word_1_36' title='bbox 269 421 421 472; x_wconf 83' lang='lat' dir='ltr'><strong>Neque</strong></span> <span class='ocrx_word' id='word_1_37' title='bbox 452 420 623 472; x_wconf 88' lang='lat' dir='ltr'><strong>(edepol)</strong></span> <span class='ocrx_word' id='word_1_38' title='bbox 653 421 874 472; x_wconf 81' lang='lat' dir='ltr'><strong>Megadore,</strong></span> <span class='ocrx_word' id='word_1_39' title='bbox 901 421 1022 466; x_wconf 80' lang='lat' dir='ltr'><strong>faci03</strong></span> <span class='ocrx_word' id='word_1_40' title='bbox 1056 433 1191 473; x_wconf 85' lang='lat' dir='ltr'><strong>neque,</strong></span> <span class='ocrx_word' id='word_1_41' title='bbox 1222 422 1252 459; x_wconf 92' lang='lat' dir='ltr'><strong>si</strong></span> 
     </span>
     <span class='ocr_line' id='line_1_8' title="bbox 299 474 1251 525; baseline -0.001 -12"><span class='ocrx_word' id='word_1_42' title='bbox 299 474 466 525; x_wconf 86' lang='lat' dir='ltr'><strong>cupiam,</strong></span> <span class='ocrx_word' id='word_1_43' title='bbox 487 474 595 525; x_wconf 87' lang='lat' dir='ltr'><strong>copia</strong></span> <span class='ocrx_word' id='word_1_44' title='bbox 614 474 671 513; x_wconf 93' lang='lat' dir='ltr'><strong>&#39;st.</strong></span> <span class='ocrx_word' id='word_1_45' title='bbox 1200 476 1251 519; x_wconf 85' lang='lat'><strong>76</strong></span> 
     </span>
     <span class='ocr_line' id='line_1_9' title="bbox 140 527 1207 579; baseline 0 -14"><span class='ocrx_word' id='word_1_46' title='bbox 140 529 255 578; x_wconf 84' lang='lat' dir='ltr'><strong>Meg.</strong></span> <span class='ocrx_word' id='word_1_47' title='bbox 283 527 393 575; x_wconf 88' lang='lat' dir='ltr'><strong>Quid</strong></span> <span class='ocrx_word' id='word_1_48' title='bbox 410 531 545 566; x_wconf 79' lang='lat' dir='ltr'><strong>nunc?</strong></span> <span class='ocrx_word' id='word_1_49' title='bbox 576 528 692 567; x_wconf 90' lang='lat' dir='ltr'><strong>etiam</strong></span> <span class='ocrx_word' id='word_1_50' title='bbox 706 529 804 567; x_wconf 89' lang='lat' dir='ltr'><strong>mihi</strong></span> <span class='ocrx_word' id='word_1_51' title='bbox 822 527 1035 579; x_wconf 89' lang='lat' dir='ltr'><strong>despondes</strong></span> <span class='ocrx_word' id='word_1_52' title='bbox 1053 527 1198 566; x_wconf 87' lang='lat' dir='ltr'><strong>filiam.</strong></span> <span class='ocrx_word' id='word_1_53' title='bbox 1188 530 1207 552; x_wconf 73' lang='lat'><strong>⁹</strong></span> 
     </span>
     <span class='ocr_line' id='line_1_10' title="bbox 854 581 1250 632; baseline -0.003 -11"><span class='ocrx_word' id='word_1_54' title='bbox 854 585 954 621; x_wconf 81' lang='lat' dir='ltr'><strong>Euc.</strong></span> <span class='ocrx_word' id='word_1_55' title='bbox 985 581 1070 620; x_wconf 88' lang='lat' dir='ltr'><strong>Illis</strong></span> <span class='ocrx_word' id='word_1_56' title='bbox 1087 581 1250 632; x_wconf 88' lang='lat' dir='ltr'><strong>legibus,</strong></span> 
     </span>
     <span class='ocr_line' id='line_1_11' title="bbox 139 634 785 688; baseline 0 -14"><span class='ocrx_word' id='word_1_57' title='bbox 139 634 242 674; x_wconf 91' lang='lat' dir='ltr'><strong>Cum</strong></span> <span class='ocrx_word' id='word_1_58' title='bbox 259 635 328 674; x_wconf 63' lang='lat' dir='ltr'><strong>illa</strong></span> <span class='ocrx_word' id='word_1_59' title='bbox 341 635 444 683; x_wconf 88' lang='lat' dir='ltr'><strong>dote,</strong></span> <span class='ocrx_word' id='word_1_60' title='bbox 465 649 583 688; x_wconf 88' lang='lat' dir='ltr'><strong>quam</strong></span> <span class='ocrx_word' id='word_1_61' title='bbox 602 636 673 674; x_wconf 87' lang='lat' dir='ltr'><strong>tibi</strong></span> <span class='ocrx_word' id='word_1_62' title='bbox 691 636 785 674; x_wconf 76' lang='lat' dir='ltr'><strong>dixi.</strong></span> 
     </span>
     <span class='ocr_line' id='line_1_12' title="bbox 592 688 1088 741; baseline 0 -14"><span class='ocrx_word' id='word_1_63' title='bbox 592 691 704 739; x_wconf 81' lang='lat' dir='ltr'><strong>Meg.</strong></span> <span class='ocrx_word' id='word_1_64' title='bbox 736 688 947 741; x_wconf 86' lang='lat' dir='ltr'><strong>Sponde’n&#39;</strong></span> <span class='ocrx_word' id='word_1_65' title='bbox 968 691 1088 740; x_wconf 77' lang='lat' dir='ltr'><strong>ergo?</strong></span> 
     </span>
     <span class='ocr_line' id='line_1_13' title="bbox 928 743 1251 794; baseline 0.003 -13"><span class='ocrx_word' id='word_1_66' title='bbox 928 746 1028 781; x_wconf 82' lang='lat' dir='ltr'><strong>Eue.</strong></span> <span class='ocrx_word' id='word_1_67' title='bbox 1061 743 1251 794; x_wconf 78' lang='lat' dir='ltr'><strong>Spondeo.</strong></span> 
     </span>
     <span class='ocr_line' id='line_1_14' title="bbox 137 795 642 836; baseline 0.004 -2"><span class='ocrx_word' id='word_1_68' title='bbox 137 795 244 835; x_wconf 88' lang='lat' dir='ltr'><strong>Istuc</strong></span> <span class='ocrx_word' id='word_1_69' title='bbox 261 795 330 835; x_wconf 90' lang='lat' dir='ltr'><strong>Dii</strong></span> <span class='ocrx_word' id='word_1_70' title='bbox 348 798 446 835; x_wconf 92' lang='lat' dir='ltr'><strong>bene</strong></span> <span class='ocrx_word' id='word_1_71' title='bbox 465 804 615 836; x_wconf 80' lang='lat' dir='ltr'>vortant</span> <span class='ocrx_word' id='word_1_72' title='bbox 632 798 642 835; x_wconf 86' lang='lat'>!</span> 
     </span>
     <span class='ocr_line' id='line_1_15' title="bbox 346 851 808 901; baseline 0 -12"><span class='ocrx_word' id='word_1_73' title='bbox 346 852 461 901; x_wconf 82' lang='lat' dir='ltr'><strong>Meg.</strong></span> <span class='ocrx_word' id='word_1_74' title='bbox 492 851 554 889; x_wconf 83' lang='lat' dir='ltr'><strong>Ita</strong></span> <span class='ocrx_word' id='word_1_75' title='bbox 572 851 642 889; x_wconf 90' lang='lat' dir='ltr'><strong>Dii</strong></span> <span class='ocrx_word' id='word_1_76' title='bbox 659 851 808 889; x_wconf 78' lang='lat' dir='ltr'><strong>faxint!</strong></span> 
     </span>
     <span class='ocr_line' id='line_1_16' title="bbox 562 904 1249 953; baseline -0.001 -10"><span class='ocrx_word' id='word_1_77' title='bbox 562 907 663 943; x_wconf 83' lang='lat' dir='ltr'><strong>Eue.</strong></span> <span class='ocrx_word' id='word_1_78' title='bbox 692 905 799 943; x_wconf 84' lang='lat' dir='ltr'><strong>mud</strong></span> <span class='ocrx_word' id='word_1_79' title='bbox 816 904 929 943; x_wconf 85' lang='lat' dir='ltr'><strong>facito</strong></span> <span class='ocrx_word' id='word_1_80' title='bbox 954 912 998 942; x_wconf 86' lang='lat' dir='ltr'><strong>ut</strong></span> <span class='ocrx_word' id='word_1_81' title='bbox 1016 904 1249 953; x_wconf 78' lang='lat' dir='ltr'><strong>memineris,</strong></span> 
     </span>
     <span class='ocr_line' id='line_1_17' title="bbox 135 957 1250 1010; baseline 0 -14"><span class='ocrx_word' id='word_1_82' title='bbox 135 957 380 1006; x_wconf 83' lang='lat' dir='ltr'><strong>Convenisse,</strong></span> <span class='ocrx_word' id='word_1_83' title='bbox 401 965 444 996; x_wconf 88' lang='lat' dir='ltr'><strong>ut</strong></span> <span class='ocrx_word' id='word_1_84' title='bbox 462 970 510 996; x_wconf 91' lang='lat' dir='ltr'><strong>ne</strong></span> <span class='ocrx_word' id='word_1_85' title='bbox 529 959 624 1010; x_wconf 89' lang='lat' dir='ltr'><strong>quid</strong></span> <span class='ocrx_word' id='word_1_86' title='bbox 642 958 743 998; x_wconf 87' lang='lat' dir='ltr'><strong>dotis</strong></span> <span class='ocrx_word' id='word_1_87' title='bbox 761 971 848 997; x_wconf 86' lang='lat' dir='ltr'><strong>mea</strong></span> <span class='ocrx_word' id='word_1_88' title='bbox 870 957 919 996; x_wconf 88' lang='lat' dir='ltr'><strong>ad</strong></span> <span class='ocrx_word' id='word_1_89' title='bbox 937 966 974 996; x_wconf 89' lang='lat' dir='ltr'><strong>te</strong></span> <span class='ocrx_word' id='word_1_90' title='bbox 992 958 1141 996; x_wconf 87' lang='lat' dir='ltr'><strong>afferret</strong></span> <span class='ocrx_word' id='word_1_91' title='bbox 1159 959 1250 997; x_wconf 86' lang='lat' dir='ltr'><strong>filia.</strong></span> 
     </span>
     <span class='ocr_line' id='line_1_18' title="bbox 134 1011 452 1062; baseline 0 -13"><span class='ocrx_word' id='word_1_92' title='bbox 134 1013 241 1062; x_wconf 85' lang='lat' dir='ltr'><strong><em>Meg.</em></strong></span> <span class='ocrx_word' id='word_1_93' title='bbox 270 1011 452 1050; x_wconf 86' lang='lat' dir='ltr'><strong>Memini.</strong></span> 
     </span>
     <span class='ocr_line' id='line_1_19' title="bbox 241 1065 1249 1117; baseline 0.001 -15"><span class='ocrx_word' id='word_1_94' title='bbox 241 1068 341 1103; x_wconf 81' lang='lat' dir='ltr'><strong>Eue.</strong></span> <span class='ocrx_word' id='word_1_95' title='bbox 361 1066 420 1103; x_wconf 90' lang='lat' dir='ltr'><strong>At</strong></span> <span class='ocrx_word' id='word_1_96' title='bbox 433 1065 522 1112; x_wconf 84' lang='lat' dir='ltr'><strong>scio,</strong></span> <span class='ocrx_word' id='word_1_97' title='bbox 536 1079 612 1117; x_wconf 86' lang='lat' dir='ltr'><strong>quo</strong></span> <span class='ocrx_word' id='word_1_98' title='bbox 627 1079 692 1105; x_wconf 84' lang='lat' dir='ltr'><strong>vos</strong></span> <span class='ocrx_word' id='word_1_99' title='bbox 704 1066 852 1105; x_wconf 83' lang='lat' dir='ltr'>soleatis</span> <span class='ocrx_word' id='word_1_100' title='bbox 862 1072 972 1116; x_wconf 81' lang='lat' dir='ltr'><strong>pacto</strong></span> <span class='ocrx_word' id='word_1_101' title='bbox 986 1065 1249 1116; x_wconf 80' lang='lat' dir='ltr'><strong>perplexarier.</strong></span> 
     </span>
     <span class='ocr_line' id='line_1_20' title="bbox 136 1119 1249 1170; baseline -0.001 -13"><span class='ocrx_word' id='word_1_102' title='bbox 136 1119 297 1158; x_wconf 82' lang='lat' dir='ltr'><strong>Pactum</strong></span> <span class='ocrx_word' id='word_1_103' title='bbox 325 1131 400 1156; x_wconf 89' lang='lat' dir='ltr'><strong>non</strong></span> <span class='ocrx_word' id='word_1_104' title='bbox 429 1127 584 1170; x_wconf 86' lang='lat' dir='ltr'><strong>pactum</strong></span> <span class='ocrx_word' id='word_1_105' title='bbox 612 1120 675 1167; x_wconf 48' lang='grc' dir='ltr'><strong>ἐς</strong></span> <span class='ocrx_word' id='word_1_106' title='bbox 705 1132 782 1158; x_wconf 82' lang='lat' dir='ltr'><strong>non</strong></span> <span class='ocrx_word' id='word_1_107' title='bbox 810 1130 966 1170; x_wconf 89' lang='lat' dir='ltr'><strong>pactum</strong></span> <span class='ocrx_word' id='word_1_108' title='bbox 998 1127 1154 1170; x_wconf 86' lang='lat' dir='ltr'><strong>pactum</strong></span> <span class='ocrx_word' id='word_1_109' title='bbox 1187 1119 1249 1167; x_wconf 82' lang='lat' dir='ltr'><strong>’st,</strong></span> 
     </span>
     <span class='ocr_line' id='line_1_21' title="bbox 295 1171 1245 1224; baseline 0 -14"><span class='ocrx_word' id='word_1_110' title='bbox 295 1171 399 1224; x_wconf 89' lang='lat' dir='ltr'><strong>quod</strong></span> <span class='ocrx_word' id='word_1_111' title='bbox 416 1173 521 1211; x_wconf 87' lang='lat' dir='ltr'><strong>vobis</strong></span> <span class='ocrx_word' id='word_1_112' title='bbox 539 1172 656 1211; x_wconf 85' lang='lat' dir='ltr'><strong>lubet.</strong></span> <span class='ocrx_word' id='word_1_113' title='bbox 1194 1174 1245 1210; x_wconf 81' lang='lat'><strong>82</strong></span> 
     </span>
     <span class='ocr_line' id='line_1_22' title="bbox 135 1225 1250 1277; baseline 0 -13"><span class='ocrx_word' id='word_1_114' title='bbox 135 1229 191 1265; x_wconf 69' lang='grc'><strong>111</strong></span> <span class='ocrx_word' id='word_1_115' title='bbox 188 1240 246 1276; x_wconf 71' lang='lat' dir='ltr'><strong>cg,</strong></span> <span class='ocrx_word' id='word_1_116' title='bbox 261 1226 383 1264; x_wconf 87' lang='lat' dir='ltr'><strong>Nulla</strong></span> <span class='ocrx_word' id='word_1_117' title='bbox 394 1227 644 1264; x_wconf 80' lang='lat' dir='ltr'><strong>controversia</strong></span> <span class='ocrx_word' id='word_1_118' title='bbox 654 1226 750 1264; x_wconf 86' lang='lat' dir='ltr'><strong>mihi</strong></span> <span class='ocrx_word' id='word_1_119' title='bbox 762 1234 886 1265; x_wconf 89' lang='lat' dir='ltr'><strong>tecum</strong></span> <span class='ocrx_word' id='word_1_120' title='bbox 899 1226 981 1264; x_wconf 80' lang='lat' dir='ltr'><strong>erit.</strong></span> <span class='ocrx_word' id='word_1_121' title='bbox 997 1225 1086 1274; x_wconf 82' lang='lat' dir='ltr'><strong>Sed,</strong></span> <span class='ocrx_word' id='word_1_122' title='bbox 1097 1226 1250 1277; x_wconf 82' lang='lat' dir='ltr'><strong>nuptias</strong></span> 
     </span>
     <span class='ocr_line' id='line_1_23' title="bbox 137 1279 1043 1331; baseline -0.001 -12"><span class='ocrx_word' id='word_1_123' title='bbox 137 1280 263 1319; x_wconf 80' lang='lat' dir='ltr'><strong>Hodie</strong></span> <span class='ocrx_word' id='word_1_124' title='bbox 281 1280 375 1331; x_wconf 88' lang='lat' dir='ltr'><strong>quin</strong></span> <span class='ocrx_word' id='word_1_125' title='bbox 393 1279 590 1326; x_wconf 83' lang='lat' dir='ltr'><strong>faciamus,</strong></span> <span class='ocrx_word' id='word_1_126' title='bbox 606 1292 702 1318; x_wconf 89' lang='lat' dir='ltr'><strong>num</strong></span> <span class='ocrx_word' id='word_1_127' title='bbox 720 1293 808 1331; x_wconf 86' lang='lat' dir='ltr'><strong>quae</strong></span> <span class='ocrx_word' id='word_1_128' title='bbox 826 1293 938 1318; x_wconf 86' lang='lat' dir='ltr'><strong>causa</strong></span> <span class='ocrx_word' id='word_1_129' title='bbox 956 1282 1043 1318; x_wconf 78' lang='lat' dir='ltr'><strong>est?</strong></span> 
     </span>
     <span class='ocr_line' id='line_1_24' title="bbox 602 1334 1247 1385; baseline -0.002 -13"><span class='ocrx_word' id='word_1_130' title='bbox 602 1335 644 1372; x_wconf 89' lang='lat' dir='ltr'><em>E</em></span> <span class='ocrx_word' id='word_1_131' title='bbox 647 1347 704 1372; x_wconf 82' lang='lat' dir='ltr'><strong>uc.</strong></span> <span class='ocrx_word' id='word_1_132' title='bbox 734 1334 863 1371; x_wconf 87' lang='lat' dir='ltr'><strong>Immo</strong></span> <span class='ocrx_word' id='word_1_133' title='bbox 884 1334 1058 1385; x_wconf 73' lang='lat' dir='ltr'><strong>(edepol)</strong></span> <span class='ocrx_word' id='word_1_134' title='bbox 1077 1341 1247 1385; x_wconf 80' lang='lat' dir='ltr'><strong>optuma.</strong></span> 
     </span>
     <span class='ocr_line' id='line_1_25' title="bbox 135 1386 1129 1439; baseline -0.002 -13"><span class='ocrx_word' id='word_1_135' title='bbox 135 1389 251 1439; x_wconf 81' lang='lat' dir='ltr'><strong>Meg.</strong></span> <span class='ocrx_word' id='word_1_136' title='bbox 278 1387 352 1426; x_wconf 92' lang='lat' dir='ltr'><strong>Ibo</strong></span> <span class='ocrx_word' id='word_1_137' title='bbox 369 1386 510 1438; x_wconf 83' lang='lat' dir='ltr'><strong>igitur:</strong></span> <span class='ocrx_word' id='word_1_138' title='bbox 540 1389 695 1439; x_wconf 86' lang='lat' dir='ltr'><strong>parabo.</strong></span> <span class='ocrx_word' id='word_1_139' title='bbox 740 1387 945 1436; x_wconf 84' lang='lat' dir='ltr'><strong>Numquid</strong></span> <span class='ocrx_word' id='word_1_140' title='bbox 963 1401 1026 1426; x_wconf 88' lang='lat' dir='ltr'><strong>me</strong></span> <span class='ocrx_word' id='word_1_141' title='bbox 1043 1387 1129 1425; x_wconf 83' lang='lat' dir='ltr'><strong>vis?</strong></span> 
     </span>
     <span class='ocr_line' id='line_1_26' title="bbox 670 1441 918 1479; baseline 0 0"><span class='ocrx_word' id='word_1_142' title='bbox 670 1444 769 1479; x_wconf 80' lang='lat' dir='ltr'><strong>Eue.</strong></span> <span class='ocrx_word' id='word_1_143' title='bbox 799 1441 918 1479; x_wconf 92' lang='lat' dir='ltr'><strong>Istuc.</strong></span> 
     </span>
     <span class='ocr_line' id='line_1_27' title="bbox 787 1494 1248 1545; baseline 0 -13"><span class='ocrx_word' id='word_1_144' title='bbox 787 1496 903 1545; x_wconf 69' lang='lat' dir='ltr'><strong>ssleg.</strong></span> <span class='ocrx_word' id='word_1_145' title='bbox 929 1494 1027 1533; x_wconf 86' lang='lat' dir='ltr'><strong>Fiet.</strong></span> <span class='ocrx_word' id='word_1_146' title='bbox 1057 1494 1168 1533; x_wconf 89' lang='lat' dir='ltr'><strong>Vale.</strong></span> <span class='ocrx_word' id='word_1_147' title='bbox 1197 1497 1248 1532; x_wconf 83' lang='lat'><strong>85</strong></span> 
     </span>
     <span class='ocr_line' id='line_1_28' title="bbox 133 1548 1250 1601; baseline -0.004 -11"><span class='ocrx_word' id='word_1_148' title='bbox 133 1551 257 1599; x_wconf 87' lang='lat' dir='ltr'><strong>Heus,</strong></span> <span class='ocrx_word' id='word_1_149' title='bbox 287 1549 473 1590; x_wconf 84' lang='lat' dir='ltr'><strong>strobile!</strong></span> <span class='ocrx_word' id='word_1_150' title='bbox 514 1561 667 1601; x_wconf 83' lang='lat' dir='ltr'><strong>sequere</strong></span> <span class='ocrx_word' id='word_1_151' title='bbox 693 1561 853 1600; x_wconf 86' lang='lat' dir='ltr'><strong>propere</strong></span> <span class='ocrx_word' id='word_1_152' title='bbox 879 1561 942 1587; x_wconf 89' lang='lat' dir='ltr'><strong>me</strong></span> <span class='ocrx_word' id='word_1_153' title='bbox 969 1548 1019 1587; x_wconf 86' lang='lat' dir='ltr'><strong>ad</strong></span> <span class='ocrx_word' id='word_1_154' title='bbox 1044 1548 1250 1587; x_wconf 84' lang='lat' dir='ltr'><strong>macellum</strong></span> 
     </span>
     <span class='ocr_line' id='line_1_29' title="bbox 291 1611 454 1642; baseline 0 -1"><span class='ocrx_word' id='word_1_155' title='bbox 291 1611 454 1642; x_wconf 88' lang='lat' dir='ltr'><strong>strenue.</strong></span> 
     </span>
     <span class='ocr_line' id='line_1_30' title="bbox 133 1656 1249 1704; baseline -0.002 -8"><span class='ocrx_word' id='word_1_156' title='bbox 133 1661 233 1697; x_wconf 81' lang='lat' dir='ltr'><strong><em>Euc.</em></strong></span> <span class='ocrx_word' id='word_1_157' title='bbox 262 1657 348 1696; x_wconf 84' lang='lat' dir='ltr'><strong>mic</strong></span> <span class='ocrx_word' id='word_1_158' title='bbox 365 1657 455 1696; x_wconf 92' lang='lat' dir='ltr'><strong>hinc</strong></span> <span class='ocrx_word' id='word_1_159' title='bbox 469 1657 575 1696; x_wconf 87' lang='lat' dir='ltr'><strong>abiit.</strong></span> <span class='ocrx_word' id='word_1_160' title='bbox 622 1656 693 1695; x_wconf 90' lang='lat' dir='ltr'><strong>Dii</strong></span> <span class='ocrx_word' id='word_1_161' title='bbox 710 1656 968 1695; x_wconf 60' lang='lat' dir='ltr'><strong>immortales!</strong></span> <span class='ocrx_word' id='word_1_162' title='bbox 998 1657 1164 1704; x_wconf 80' lang='lat' dir='ltr'><strong>obsecro,</strong></span> <span class='ocrx_word' id='word_1_163' title='bbox 1181 1669 1249 1694; x_wconf 88' lang='lat' dir='ltr'><strong>au-</strong></span> 
     </span>
     <span class='ocr_line' id='line_1_31' title="bbox 290 1710 636 1763; baseline -0.003 -14"><span class='ocrx_word' id='word_1_164' title='bbox 290 1724 379 1749; x_wconf 86' lang='lat' dir='ltr'><strong>rum</strong></span> <span class='ocrx_word' id='word_1_165' title='bbox 397 1710 491 1763; x_wconf 84' lang='lat' dir='ltr'><strong>quid</strong></span> <span class='ocrx_word' id='word_1_166' title='bbox 509 1711 609 1749; x_wconf 88' lang='lat' dir='ltr'><strong>valet</strong></span> <span class='ocrx_word' id='word_1_167' title='bbox 627 1711 636 1748; x_wconf 88' lang='lat'>!</span> 
     </span>
     <span class='ocr_line' id='line_1_32' title="bbox 137 1763 1248 1815; baseline -0.003 -11"><span class='ocrx_word' id='word_1_168' title='bbox 137 1764 258 1804; x_wconf 80' lang='lat' dir='ltr'><strong>Credo</strong></span> <span class='ocrx_word' id='word_1_169' title='bbox 277 1777 347 1815; x_wconf 85' lang='lat' dir='ltr'><strong>ego</strong></span> <span class='ocrx_word' id='word_1_170' title='bbox 364 1764 476 1803; x_wconf 80' lang='lat' dir='ltr'><strong>illum</strong></span> <span class='ocrx_word' id='word_1_171' title='bbox 490 1766 575 1814; x_wconf 89' lang='lat' dir='ltr'><strong>jam</strong></span> <span class='ocrx_word' id='word_1_172' title='bbox 591 1764 798 1813; x_wconf 79' lang='lat' dir='ltr'><strong>inaudisse,</strong></span> <span class='ocrx_word' id='word_1_173' title='bbox 813 1764 919 1809; x_wconf 67' lang='lat' dir='ltr'><strong>mihi,</strong></span> <span class='ocrx_word' id='word_1_174' title='bbox 929 1777 1008 1803; x_wconf 63' lang='lat' dir='ltr'><strong>esse</strong></span> <span class='ocrx_word' id='word_1_175' title='bbox 1026 1763 1248 1802; x_wconf 52' lang='lat' dir='ltr'><strong>thesaurum</strong></span> 
     </span>
     <span class='ocr_line' id='line_1_33' title="bbox 295 1818 425 1857; baseline -0.015 0"><span class='ocrx_word' id='word_1_176' title='bbox 295 1818 400 1857; x_wconf 80' lang='lat' dir='ltr'><strong>domi</strong></span> <span class='ocrx_word' id='word_1_177' title='bbox 414 1832 425 1855; x_wconf 76' lang='lat' dir='ltr'>z</span> 
     </span>
     <span class='ocr_line' id='line_1_34' title="bbox 137 1871 1158 1924; baseline -0.002 -12"><span class='ocrx_word' id='word_1_178' title='bbox 137 1873 186 1912; x_wconf 91' lang='lat' dir='ltr'><strong>Id</strong></span> <span class='ocrx_word' id='word_1_179' title='bbox 203 1872 350 1912; x_wconf 85' lang='lat' dir='ltr'><strong>inhiat:</strong></span> <span class='ocrx_word' id='word_1_180' title='bbox 382 1871 427 1910; x_wconf 63' lang='lat' dir='ltr'><strong>ea</strong></span> <span class='ocrx_word' id='word_1_181' title='bbox 445 1872 668 1913; x_wconf 84' lang='lat' dir='ltr'><strong>affinitatem</strong></span> <span class='ocrx_word' id='word_1_182' title='bbox 686 1873 785 1912; x_wconf 87' lang='lat' dir='ltr'><strong>hanc</strong></span> <span class='ocrx_word' id='word_1_183' title='bbox 802 1872 1008 1913; x_wconf 85' lang='lat' dir='ltr'><strong>obstinavit</strong></span> <span class='ocrx_word' id='word_1_184' title='bbox 1025 1872 1158 1924; x_wconf 66' lang='lat' dir='ltr'><strong>gratia.</strong></span> 
     </span>
    </p>
   </div>
  </div>
 </body>
</html>
