1412 2427
173 38 247 78 190
462 39 802 81 BACCHIDES.
830 41 914 80 ΙΙΙ.
945 42 987 80 6.

328 146 460 184 Mne-5.
487 145 529 184 Is
547 153 615 186 est.

398 200 504 237 Pist.
532 199 661 238 Adibo
678 207 821 250 eontra,
837 207 875 239 et
891 199 1024 240 tollam
1047 199 1222 252 gradum.
1250 199 1276 237 6

167 249 304 289 Salvus
323 251 386 301 sis,
407 252 671 291 Mnesiloche!

432 307 566 344 Mnes.
593 307 721 346 Salve.

541 361 648 399 Pist.
676 360 811 399 Salvus
830 373 917 399 cum
936 373 1092 412 peregre
1109 359 1277 408 advenis,

171 409 289 448 Coena
307 409 430 449 detur.

236 464 369 502 Mnes.
397 465 489 503 Non
507 465 630 517 placet
646 465 743 504 mihi
761 478 878 514 coena,
899 480 986 518 quae
1003 467 1120 505 bilem
1138 471 1280 504 movet.

167 517 274 555 Pist.
302 517 413 556 Num
433 531 519 569 quae
537 519 749 558 advenienti
767 520 948 570 aegritudo
967 521 1112 569 objecta
1130 519 1214 557 est?

749 574 808 611 M
808 586 886 612 nes.
913 574 1048 626 Atque
1066 584 1273 611 acerruma·

169 624 274 660 Pist.
303 623 417 662 Unde
430 626 449 662 ἓ)

433 678 566 715 Mnes.
593 678 661 716 Ab
676 678 844 726 homine,
863 691 978 731 quem
997 678 1094 716 mihi
1112 678 1279 716 amicum

539 743 618 769 esse
635 732 836 770 arbitratus
855 746 941 770 sum
959 732 1150 769 antidhac.
1228 731 1278 768 10

167 783 272 820 Ρὶεί.
300 781 422 821 Multi
446 795 552 821 more
575 784 647 822 isto
673 791 788 835 atque
810 785 987 837 exemplo
1008 785 1156 834 vivunt,
1185 796 1280 835 quos

327 848 445 886 quom
463 849 613 875 censeas

165 888 261 926 Esse
279 889 434 934 amieos,
454 890 692 940 reperiuntur
706 890 792 928 falsi
811 889 1049 938 falsimoniis,

167 941 322 992 Lingua
340 941 498 986 factiosi,
518 943 654 981 inertes
672 942 797 994 opera,
817 943 982 982 sublesta
999 943 1087 982 fide.

166 994 314 1033 Nullus
346 1002 414 1041 est,
439 995 529 1046 quoi
557 1007 634 1034 non
657 996 852 1035 invideant
877 1009 957 1035 rem
979 995 1184 1035 secundam
1211 998 1279 1035 ob-

326 1048 378 1084 tin

166 1101 248 1139 Sibi
266 1112 313 1138 ne
330 1061 556 1148 ἰῃὲῗίἓωτ,
575 1101 650 1153 ipsi
667 1102 794 1153 ignavi
811 1111 910 1142 recte
929 1110 1072 1141 cavent.
1231 1103 1280 1141 15

167 1156 301 1193 filnes.
328 1154 505 1246 {3301}
506 1167 575 1247 1nense
597 1163 640 1194 tu
662 1156 817 1194 illorum
842 1169 964 1195 mores
993 1168 1178 1208 perquam
1199 1168 1282 1194 me-

166 1260 243 1300 Sed
261 1261 374 1299 etiam
392 1273 514 1300 unum
532 1262 603 1301 hoc
627 1275 674 1300 ex
699 1262 853 1314 ingenio
879 1263 982 1301 malo
1007 1262 1154 1300 malum
1176 1261 1280 1301 inve-

328 1322 440 1352 munt
459 1328 552 1353 suo:

167 1368 281 1406 Nulli
303 1367 415 1406 amici
440 1376 552 1414 sunt3
583 1369 753 1408 inimicos
776 1369 849 1420 ipsi
874 1369 914 1406 in
940 1381 1018 1406 sese
1041 1368 1185 1406 omneis
1207 1368 1276 1406 ha-

327 1421 430 1458 bent.

165 1474 299 1526 Atque
317 1473 358 1520 ii,
377 1486 417 1533 se
435 1487 552 1525 quom
574 1475 818 1522 frustrantur,
842 1473 1014 1512 frustrari
1035 1473 1127 1512 alios
1152 1473 1278 1512 stolidi

327 1534 582 1565 existumant:

167 1578 275 1617 Sicut
294 1588 348 1617 est
372 1579 446 1627 hic,
473 1593 587 1630 quem
612 1592 692 1618 esse
717 1580 884 1618 amicum
909 1587 1013 1618 ratus
1038 1592 1138 1628 sum,
1163 1587 1278 1631 atque

325 1632 431 1682 ipsus
450 1645 536 1670 sum
555 1632 674 1670 mihi:
1222 1635 1275 1671 20

167 1684 256 1731 Ine,
277 1685 379 1735 quod
397 1685 435 1722 in
461 1699 500 1723 se
520 1685 608 1735 fuit,
629 1693 844 1724 accuratum
863 1686 1011 1733 habuit,
1034 1686 1136 1737 quod
1154 1694 1278 1737 posset

328 1738 423 1775 mali

169 1789 322 1835 Facere,
343 1798 379 1828 et
396 1792 437 1828 in
455 1803 517 1829 me
534 1791 771 1830 inconciliare
790 1793 913 1844 copias
933 1792 1076 1830 omneis
1094 1805 1209 1830 meas.

167 1845 274 1881 Pist.
303 1844 530 1895 Improbum
547 1845 670 1883 istunc
688 1859 765 1884 esse
783 1853 928 1897 oportet
945 1845 1152 1884 hominem.

664 1901 722 1936 M
721 1912 796 1937 nes.
823 1901 911 1950 Ego
928 1900 983 1937 ita
1001 1912 1078 1937 esse
1096 1899 1268 1936 arbitror.

169 1952 275 1989 Pist.
305 1950 487 2000 Obsecro,
510 1951 679 2004 (hercle)
699 1953 867 2003 loquere,
887 1953 972 2004 quis
989 1953 1022 1990 is
1040 1959 1095 1990 est
1110 1954 1127 1990 Ρ

668 2007 798 2043 Bffnes.
830 2007 1066 2044 Benevolens
1085 2005 1177 2043 vivit
1195 2004 1277 2042 tibi.

180 2057 301 2106 Nam,
320 2057 361 2096 ni
378 2057 436 2149 iffi
449 2065 555 2106 esset,
580 2066 707 2097 tecum
725 2072 885 2106 orarem,
905 2066 949 2097 ut
967 2059 1015 2107 ei,
1034 2058 1136 2109 quod
1154 2070 1294 2148 possgs5

343 2123 383 2150 m
