1412 2427
424 55 765 95 BACCHIDES.
801 56 874 95 lV.
903 58 940 94 4.
1165 59 1240 103 197

126 163 259 201 Mnes.
289 161 418 200 Perii!

178 224 181 225 ⁷
289 216 386 255 Chr.
414 214 523 262 Quid
541 215 594 252 ita
606 214 625 251 Ρ

212 318 216 319 ⁷
445 270 577 306 Mnes.
606 268 712 315 Quia
728 269 828 318 patri
846 280 961 307 omne
980 282 1068 308 cum
1087 284 1238 310 ramen-

551 329 592 359 to
609 321 769 361 reddidi.

129 375 226 415 Chr.
254 375 498 414 Reddidisti?

338 432 396 467 M
396 443 471 468 nes.
499 427 679 466 Reddidi.

498 483 592 521 Chr.
623 481 832 521 Omnene?

611 537 742 574 Mnes.
770 535 939 587 Oppido.

723 590 818 628 Chr.
849 589 976 628 Occisi
994 602 1127 629 sumus
1142 591 1152 628 2
1184 593 1236 631 30

121 644 206 693 Qui
229 644 270 682 in
295 651 464 681 mentem
491 642 595 681 venit
620 642 692 682 tibi
715 643 811 682 istuc
833 642 980 682 facinus
1007 644 1129 683 facere
1156 652 1236 684 tam

283 697 432 736 malum
451 698 468 735 ‚⁹

121 753 256 791 filnes.
295 749 529 789 Bacchidem
558 757 672 801 atque
703 750 806 789 hunc
837 751 1055 802 suspicabar
1083 760 1235 802 propter

281 804 434 848 crimen,
455 804 653 855 Chrysale‚

121 859 192 898 Me
209 859 310 898 male
329 857 583 896 consuluisse:
606 860 654 896 ob
669 870 752 896 eam
773 870 853 897 rem
871 869 985 897 omne
1003 871 1142 897 aurum
1159 859 1234 898 ira-

281 920 344 951 tus
362 911 508 949 reddidi

120 966 214 1006 Meo
231 965 344 1018 patri.

229 1021 325 1060 Chr.
358 1018 480 1066 Quid,
500 1018 567 1057 ubi
585 1017 766 1057 reddebas
784 1030 938 1067 aurum,
953 1018 1085 1056 dixisti
1101 1020 1201 1070 patri
1214 1023 1232 1060 ?

118 1076 177 1112 M
176 1087 250 1113 nes.
282 1073 331 1111 Id
348 1084 485 1110 aurum
503 1072 688 1123 accepisse
710 1073 902 1124 extemplo
925 1073 973 1110 ab
990 1072 1138 1124 hospite
1156 1074 1233 1112 Ar-

277 1124 501 1166 chidemide.

520 1179 614 1218 Chr.
643 1179 748 1217 Hem
764 1179 774 1216 !
1178 1181 1231 1219 35

117 1235 219 1273 Istoc
236 1233 336 1272 dicto
354 1232 488 1272 dedisti
505 1232 617 1270 hodie
635 1233 675 1270 in
694 1231 902 1271 cruciatum
921 1232 1151 1284 Chrysalum
1164 1248 1176 1272 ε

116 1290 237 1336 Nam,
254 1287 322 1326 ubi
334 1300 397 1326 me
407 1285 603 1338 adspiciet,
619 1287 669 1324 ad
683 1286 909 1325 carnuficem
923 1287 1043 1339 rapiet
1055 1288 1233 1327 continuo

276 1354 403 1380 senex.

113 1398 248 1435 Mnes.
274 1395 363 1446 Ego
380 1402 528 1446 patrem
546 1394 713 1433 exoravi.

196 1451 291 1489 Chr.
321 1449 474 1500 Nempe
491 1461 594 1500 ergo,
614 1448 686 1486 hoc
707 1454 751 1485 ut
769 1447 921 1494 faceret,
941 1447 1045 1499 quod
1062 1447 1198 1500 loquor
1211 1449 1230 1486 P

113 1505 247 1543 Mnes.
280 1503 425 1550 Immo,
445 1501 516 1540 tibi
533 1514 582 1540 ne
599 1509 745 1550 noceat,
765 1513 841 1539 neu
860 1501 954 1553 quid
972 1503 1021 1540 ob
1040 1514 1124 1540 eam
1149 1515 1230 1541 rem

112 1610 247 1662 Atque
273 1562 619 1661 ῗὲτοὲῃίζῗεέεινί.
669 1609 787 1648 Nunc
815 1609 887 1648 hoc
918 1608 988 1648 tibi
1017 1609 1231 1649 curandum

273 1671 343 1710 est,
363 1663 558 1714 Chrysale.
1174 1665 1227 1704 40

117 1719 214 1759 Chr.
245 1716 355 1765 Quid
373 1716 430 1755 vis
447 1729 577 1755 curem
591 1719 610 1756 ?

222 1772 355 1809 Mnes.
381 1770 439 1808 Ut
456 1769 506 1808 ad
523 1782 653 1809 senem
670 1769 785 1809 etiam
804 1770 964 1809 alteram
982 1769 1097 1809 facias
1115 1770 1231 1811 viam.

113 1825 329 1876 Compara3
358 1822 564 1869 fabricare3
594 1823 696 1874 finge
714 1824 818 1876 quod
830 1824 963 1870 lubet;
994 1824 1228 1876 conglutina,

113 1879 171 1919 Ut
189 1891 316 1918 senem
334 1876 447 1915 hodie
471 1876 627 1916 doctum
648 1877 756 1916 docte
776 1877 900 1927 fallas,
927 1891 1142 1930 aurumque
1159 1891 1231 1917 au-

271 1931 381 1970 feras.

117 1986 213 2037 Chr.
241 1985 323 2025 Vix
342 1983 492 2022 videtur
509 1983 589 2022 fieri
606 1996 727 2037 posse.

470 2039 602 2076 Mnes.
635 2039 772 2090 Perge,
792 2051 836 2077 ae
854 2038 966 2079 facile
982 2039 1064 2078 haec
1083 2037 1225 2077 feceris.

113 2094 209 2134 Chr.
232 2092 364 2142 Quam
387 2091 555 2142 (malum
570 2091 604 2141 !)
634 2092 774 2131 facile?
804 2106 919 2144 quem
942 2092 1116 2132 mendane
1142 2104 1227 2143 pre-

269 2145 402 2186 hendit
419 2145 667 2185 manifestum
685 2144 824 2184 modo:
983 2199 1008 2235 3
1176 2146 1226 2182 45

945 2210 963 2236 s
