1412 2427
162 41 237 79 102
477 36 775 78 ASINARIA.
803 37 885 77 ΙΙΙ,
916 39 955 76 3.

158 148 285 186 Adsta
310 147 440 198 igitur,
468 153 513 184 ut
536 150 735 184 consuetus
762 156 801 182 ω
827 156 922 194 puer
939 143 1058 182 olim:
1089 142 1201 182 sci’n’
1218 151 1263 182 ut

319 201 441 239 dicam
452 199 471 236 ’ἒ
1186 197 1261 235 113

162 254 266 292 Hem
282 254 291 291 !
313 254 387 291 sic:
409 253 483 291 abi.
513 251 671 290 Laudo:
693 262 763 288 nec
776 257 813 289 te
827 262 925 301 equo
937 250 1060 301 magis
1074 257 1129 288 est
1142 263 1263 302 equus

320 307 422 344 ullus
441 305 598 356 sapiens.

161 362 199 399 A
206 374 311 410 rgyr.
329 360 514 398 Inscende
533 364 715 395 actutum.

346 414 482 450 Liban.
505 412 588 461 Ego
607 411 739 448 fecero.
796 409 899 447 Hem
916 409 926 446 !
958 409 1051 460 quid
1068 408 1164 446 istuc
1182 408 1266 446 est?

426 472 469 502 ut
488 473 529 502 tu
549 463 713 501 incedis!
1191 462 1266 499 115

161 520 327 558 Demam
348 518 508 568 (hercle)
527 518 606 566 jam
627 516 673 554 de
691 515 845 561 hordeo,
866 515 1018 552 tolutim
1038 515 1079 552 ni
1096 514 1263 553 badizas.

163 575 200 610 A
208 587 314 623 rgyr.
335 573 500 613 Amabo,
522 570 682 615 Libane,
700 570 780 617 jam
800 576 856 605 sat
875 576 941 605 est.

385 627 526 670 Liban„
544 624 755 672 Nunquam
775 621 943 669 (hercle)
956 620 1068 659 hodie
1083 622 1267 660 exorabis.

161 679 266 717 Nam
293 680 373 727 jam
407 677 539 716 calcari
565 675 848 728 quadrupedem
886 674 1037 725 agitabo
1064 674 1267 713 advorsum

319 732 485 775 ch’vu1n;

161 786 299 823 Postea
316 784 364 822 ad
382 785 537 835 pistores
556 783 667 829 dabo,
687 788 731 818 ut
748 781 802 818 ibi
820 780 980 818 cruciere
999 793 1163 819 currens.

159 838 298 886 Adsta,
323 846 365 875 ut
390 837 612 875 descendam
640 847 741 872 nunc
769 835 851 883 jam
875 833 915 870 in
939 834 1110 883 proclivi,
1130 846 1266 885 quam-

320 903 436 942 quam
456 902 620 940 nequam
640 900 690 925 es.
1191 887 1266 925 120

162 946 312 994 Argyr.
342 943 449 991 Quid
476 945 609 980 nunc?
657 940 851 986 Quoniam
875 941 1003 987 ambo,
1031 947 1075 977 ut
1093 946 1150 977 est
1167 939 1269 978 lubi-

322 1004 419 1044 tum,
439 1008 507 1033 nos
527 996 640 1032 ambo
659 993 862 1041 delusistis,

162 1050 323 1088 Datisne
341 1056 540 1100 argentum
551 1048 569 1083 Ρ

427 1103 565 1140 Liban.
592 1099 789 1152 Siquidem
808 1098 906 1137 mihi
924 1105 1089 1137 statuam
1107 1105 1145 1137 et
1162 1111 1268 1137 aram

521 1162 667 1201 statuis,

161 1210 305 1262 Atque,
327 1216 370 1247 ut
388 1208 489 1255 Deo,
508 1208 605 1245 mihi
622 1207 686 1245 hic
704 1206 879 1244 immolas
897 1206 1057 1243 bovem:
1089 1217 1180 1243 nam
1199 1217 1269 1256 ego

320 1262 391 1300 tibi
413 1262 524 1300 Salus
543 1274 642 1299 sum.

162 1318 280 1354 Leon.
309 1315 440 1353 Etiam
459 1323 516 1362 tu,
538 1315 642 1360 here,
665 1313 789 1351 istunc
817 1324 969 1350 amoves
994 1313 1062 1350 abs
1080 1319 1132 1359 te,
1153 1317 1269 1362 atque

319 1369 400 1419 ipse
416 1381 479 1406 me
497 1365 718 1418 aggredire‘?

160 1423 292 1473 Atque
311 1422 389 1464 illa,
410 1422 482 1459 sibi
503 1434 589 1472 quae
607 1419 668 1457 hic
693 1420 868 1468 jusserat,
887 1417 985 1455 mih‘i
1010 1418 1156 1467 statuis,
1177 1430 1268 1468 sup-

319 1475 511 1525 plicasque
524 1474 541 1509 ?
1192 1470 1266 1507 125

161 1529 314 1577 Argyr.
335 1527 464 1574 Quem
485 1535 521 1564 te
537 1532 664 1563 autem
682 1525 812 1562 Deum
830 1524 1023 1561 nominem
1038 1525 1055 1561 Ρ

448 1582 566 1618 Leon.
587 1579 811 1624 Fortunam,
832 1586 946 1627 atque
965 1576 1268 1628 Obsequentem.

163 1635 320 1683 Argyr.
340 1633 434 1671 Jam
452 1634 545 1670 istoc
564 1644 602 1669 es
619 1631 765 1668 melior.

438 1688 576 1724 Liban.
598 1686 658 1722 An
678 1683 773 1735 quid
791 1690 845 1721 est
863 1683 954 1721 olim
972 1682 1116 1720 homini
1137 1683 1269 1721 Salute

489 1737 652 1776 melius?
968 1737 973 1740 '

160 1795 316 1844 Argyr.
343 1793 452 1830 Licet
469 1792 623 1830 laudem
642 1792 867 1838 Fortunam,
887 1797 1032 1839 tamen,
1058 1797 1103 1828 ut
1128 1802 1178 1829 ne
1197 1790 1268 1828 Sa-

320 1846 441 1884 lutem
459 1845 622 1896 culpem.

163 1901 321 1939 Philen.
339 1900 511 1944 Ecastor,
532 1900 654 1935 ambae
672 1903 760 1935 sunt
774 1898 894 1934 bonae.

241 1989 244 1991 .
445 1953 599 2002 Argyr.
619 1951 758 1997 Sciam,
779 1950 846 1988 ubi
862 1950 953 1988 boni
971 1949 1066 2001 quid
1083 1949 1264 1989 dederint.

163 2008 280 2045 Leon.
300 2005 406 2058 Opta
424 2005 478 2054 id,
498 2005 601 2056 quod
619 2012 663 2042 ut
682 2003 876 2053 contingat
891 2003 975 2051 tibi,
994 2003 1063 2042 vis.

493 2059 530 2097 A
536 2071 644 2108 rgyr.
665 2057 773 2105 Quid
791 2057 822 2095 si
840 2057 973 2108 optato
986 2057 1006 2096 ?
