1412 2427
169 41 222 79 38
465 38 833 79 AMPHITRUO.
863 38 922 77 ΙΙ.
951 40 989 76 2.

170 148 246 186 Pro
265 146 398 186 cerritu
416 146 668 186 circumferri.
658 148 676 174 9

519 201 662 251 Amph.
682 198 845 250 Edepol,
865 199 958 250 quin
977 196 1105 236 facto‘
1110 203 1143 235 st
1160 208 1270 247 opus.
1322 242 1325 249 1

168 254 274 292 Nam
294 253 376 292 haec
395 254 548 306 quidem
567 253 735 304 (edepol)
754 253 944 290 larvarum
962 251 1098 302 plena'
1100 258 1146 288 st.
1318 251 1323 257 ’

625 308 712 344 Αῖε.
739 306 846 353 Quid
864 305 986 344 verbis
1004 317 1080 356 opu
1084 304 1154 342 ’.st
1144 305 1162 331 9
1194 304 1270 341 145

167 360 272 398 Hem
291 360 359 399 tibi
377 360 570 413 pateram!
602 372 748 397 eccam
743 359 752 385 ἲ

429 415 573 463 Amph.
601 413 704 451 Cedo
722 412 829 450 mihi.

484 469 570 505 Alc.
602 467 704 516 Age,
726 466 875 516 adspice
892 464 967 502 huc
987 464 1036 503 sis
1053 476 1156 502 nunc
1170 463 1268 513 jam,

167 519 248 568 Tu,
280 520 360 571 qui,
389 534 475 572 quae
498 521 609 559 facta
637 519 824 563 inficiare,
814 532 824 541 ·
855 531 971 570 quem
999 531 1069 570 ego
1096 519 1179 568 jam
1205 516 1270 555 hic

324 574 541 612 convincam
559 573 700 624 palam.

162 626 283 664 Estne
301 626 381 665 haec
398 635 538 678 patera,
559 639 635 677 qua
653 625 814 664 donatus
831 625 932 663 illic.
923 627 940 652 9

732 679 879 728 Amph.
907 679 1066 716 Summe
1084 676 1266 728 Jupiter.
1254 677 1265 702 ⁹

164 733 270 781 Quid
290 745 358 784 ego
374 733 505 772 video.
496 736 513 761 9
541 733 621 772 haec
639 745 682 770 ea
695 732 742 769 'st
764 731 928 782 profecto
952 738 1120 811 patera-¹¹
1149 729 1267 802 Perii,

322 786 452 824 Sosia!
1134 784 1165 808 ²

162 839 240 877 Sos.
277 839 363 876 Aut
391 838 493 890 (pol)
525 839 647 877 haecce
677 836 943 889 praestigiatrix
978 836 1116 876 mulier
1138 812 1268 875 multo

319 904 504 929 maxuma
515 893 576 939 ’,st
1191 890 1266 929 150

159 944 247 983 Aut
263 952 432 996 pateram
450 945 540 983 hic
530 956 650 983 messe
668 951 827 996 oportet.

565 999 710 1048 Amph.
738 996 936 1048 Agedum,
956 996 1057 1034 solve
1076 996 1270 1035 cistulam.

161 1051 240 1089 Sos.
267 1050 374 1098 Quid
399 1065 468 1102 ego
490 1052 600 1090 istam
620 1052 843 1089 exsolvam?
872 1050 1068 1100 obsignata
1083 1050 1132 1087 'st
1152 1057 1263 1089 recte.

318 1105 397 1142 Res
416 1113 521 1155 gesta
532 1105 580 1142 ’st
595 1106 704 1142 bene.

159 1157 224 1196 Tu
242 1158 418 1209 peperisti
436 1157 789 1209 Amphitruonem;
820 1169 889 1207 ego
908 1156 1027 1194 alium
1050 1155 1179 1208 peperi
1197 1156 1266 1196 So-

317 1223 437 1249 siam:

156 1265 274 1303 Nunc
293 1264 323 1303 si
349 1272 518 1315 pateram
545 1271 674 1315 patera
697 1263 856 1316 peperit,
875 1275 1006 1302 omnes
1023 1263 1264 1315 congemina-

313 1330 454 1356 vimus.

157 1371 306 1422 Amph.
333 1371 491 1409 Certum
503 1370 552 1409 ’st
570 1370 725 1422 aperire,
745 1378 859 1422 atque
876 1370 1070 1421 inspicere.

537 1423 615 1462 Sos-
646 1423 745 1461 Vide
764 1424 826 1471 sis,
847 1423 943 1474 signi
962 1422 1056 1474 quid
1074 1422 1157 1471 siet,
1185 1423 1261 1461 155

155 1477 220 1515 Ne
237 1477 420 1528 posterius
437 1477 478 1514 in
496 1489 560 1515 me
577 1477 730 1528 culpam
748 1477 926 1514 conferas.

787 1530 825 1567 A
830 1543 894 1579 m
895 1531 935 1567 h.
957 1529 1076 1580 Aperi
1093 1529 1232 1568 modo:

153 1583 259 1622 Nam
272 1583 353 1621 haec
365 1582 520 1634 quidem
531 1595 599 1620 nos
611 1582 823 1621 deliranteis
838 1582 956 1621 facere
964 1583 1072 1621 dictis
1083 1584 1263 1633 postulat.

152 1637 244 1675 Alc.
267 1636 382 1674 Unde
407 1636 488 1674 haec
516 1636 633 1686 igitur
662 1643 732 1684 est,
762 1635 835 1674 nisi
866 1637 932 1674 abs
965 1646 1016 1685 te,
1047 1649 1134 1687 quae
1162 1637 1258 1675 mihi

313 1689 412 1727 dono
430 1689 518 1728 data
529 1689 603 1728 'st?

151 1743 298 1794 Amph.
325 1742 434 1794 Opus
451 1744 509 1780 mi
527 1750 582 1781 est
599 1742 692 1780 istoc
710 1742 908 1794 exquisito.

665 1797 750 1833 Sos.
781 1795 960 1847 Jupiter!
990 1808 1059 1847 pro
1077 1795 1257 1848 Jupiter!

149 1850 295 1901 Amph.
324 1849 432 1897 Quid
450 1849 520 1888 tibi
536 1850 583 1887 'st
596 1850 614 1887 ?

344 1905 428 1941 Sos.
459 1903 540 1942 Hic
561 1908 690 1952 patera
707 1902 815 1941 nulla
832 1902 872 1939 in
891 1903 1025 1942 cistula
1038 1902 1098 1941 'st-

625 1956 771 2006 Amph.
791 1955 898 2004 Quid
917 1970 985 2008 ego
1004 1955 1146 1995 audio?
1177 1956 1254 1994 160

147 2010 229 2048 Sos.
256 2009 306 2047 Id
325 2008 427 2061 quod
445 2021 577 2047 verum
588 2009 658 2047 'st.

275 2064 421 2113 Amph..
443 2062 503 2100 At
520 2075 607 2101 cum
627 2063 793 2103 cruciatu
808 2064 907 2115 jam,
927 2063 968 2103 ni
985 2069 1156 2116 apparet,
1171 2069 1252 2102 tuo.

143 2116 231 2155 Alc.
261 2116 357 2157 Haec
375 2116 531 2168 quidem
549 2126 715 2168 apparet.
