1412 2427
207 72 284 109 314
572 72 801 113 CASINA.
829 73 879 111 V.
909 75 949 112 3.

454 233 640 273 ACTUS
669 233 721 272 V.
778 232 963 272 SCENA
993 233 1075 272 III.

511 339 730 378 STAmNo.
788 339 1030 378 OLYMPm.

208 447 310 484 Stal.
336 444 529 484 Maxumo
551 457 620 496 ego
645 445 757 484 ardeo
775 446 944 497 flagitio;
975 459 1058 495 nec,
1085 445 1178 498 quid
1205 459 1316 497 agam

367 500 461 538 meis
479 501 605 545 rebus,
625 499 715 547 scio,

208 553 291 591 Nec
318 565 444 591 meam
470 560 515 590 ut
538 564 697 590 uxorem
725 551 931 604 adspiciam
949 560 1078 592 contra
1095 553 1236 592 oculis:

365 606 528 657 disperii.

210 658 356 699 Omnia
381 661 510 710 palam
537 667 625 698 sunt
651 661 813 710 probra3
843 659 985 698 omnib
977 672 1023 699 us
1050 660 1175 699 modis
1201 659 1319 699 occidi

366 714 492 751 miser.

213 766 276 804 Ita
293 767 494 805 manifesto
511 766 686 805 faucibus
704 773 856 805 teneor.

208 819 307 866 Nec,
325 820 465 871 quibus
483 819 606 858 modis
625 833 800 871 purgem,
821 819 910 868 scio,
929 832 992 859 me
1009 833 1104 860 meae
1122 820 1245 866 uxori,
1293 823 1318 858 5

207 873 289 921 Qui
307 873 533 924 expalliatus
552 885 636 911 sum
655 874 794 911 miser:
830 876 849 895 ⁹
879 875 903 896 '³

209 929 231 949 ⁰
264 927 285 947 ⁸
316 927 338 947 ”
367 926 609 964 clandestinae
626 926 770 977 nuptiae
799 926 821 947 ⁸
852 925 872 946 ⁸

207 981 230 1004 ⁸
261 982 282 1003 ⁸
314 981 334 1000 “
367 982 388 1001 *
417 992 548 1017 censeo

210 1039 233 1060 ἤ
266 1038 288 1059 ¹*
319 1034 342 1054 ’ὖ
371 1033 467 1070 mihi
486 1041 691 1084 optumum
709 1039 776 1072 est.

210 1089 232 1112 ⁸
265 1089 288 1111 ὓ
317 1099 361 1124 ω,
379 1086 459 1124 dux
478 1099 636 1124 uxorem
656 1099 805 1125 meam:
1272 1089 1321 1127 10

211 1141 235 1166 ⁸
293 1147 317 1170 *-
374 1147 398 1170 ε
455 1147 478 1170 ιιι
535 1146 560 1170 α-
614 1139 727 1178 riam,

207 1193 283 1233 Sed
309 1192 436 1245 ecquis
463 1199 532 1241 est,
560 1193 629 1244 qui
655 1193 771 1231 homo
797 1205 940 1232 munus
962 1193 1054 1232 velit
1079 1193 1231 1246 fungier
1250 1208 1320 1246 pro

367 1259 452 1285 me.
442 1249 460 1273 ⁹>

207 1300 316 1349 Quid
342 1312 445 1338 nunc
463 1313 591 1351 agam,
618 1300 757 1344 nescio,
786 1300 845 1338 nis
846 1299 860 1336 i
886 1306 930 1337 ut
947 1299 1141 1351 improbos
1156 1301 1321 1341 famulos

368 1353 508 1401 imiter,
529 1367 572 1392 ac
591 1353 705 1393 domo
722 1353 883 1413 fugiam:

210 1407 314 1445 Nam
334 1407 435 1446 salus
453 1407 562 1446 nulla
579 1415 635 1446 est
653 1407 830 1458 scapulis,
851 1406 882 1445 si
900 1406 1059 1446 domum
1077 1408 1201 1447 redeo.

207 1462 346 1513 Nugas
374 1461 471 1499 istuc
495 1460 616 1499 dicere
637 1461 737 1500 licet.
791 1461 946 1512 Vapulo
971 1461 1147 1511 (hercle)
1170 1475 1239 1514 ego
1261 1462 1323 1499 in-

366 1514 482 1562 vitus,
502 1521 631 1553 tamen
1270 1515 1320 1553 15

209 1567 296 1606 Etsi
312 1567 462 1606 malum
479 1569 617 1607 merui.
662 1568 750 1607 Hac
766 1567 864 1606 dabo
882 1566 1086 1618 protinam,
1106 1575 1144 1606 et
1159 1567 1321 1619 fugiam.

850 1621 978 1671 Olym.
1005 1621 1131 1669 Heus,
1155 1621 1319 1671 Saline,

209 1675 399 1714 Amator!

354 1730 453 1769 Stat.
481 1727 643 1769 Occidi!
684 1741 861 1769 revocor:
901 1727 1013 1780 quasi
1042 1740 1119 1769 non
1150 1728 1320 1779 audiam,

476 1782 601 1822 abibo.
