1412 2427
180 48 253 86 188
468 43 807 84 BACCHIDES.
835 44 919 82 ΙΙΙ.
948 45 985 81 4.

752 152 883 190 Mnes.
911 151 1072 190 Factum
1093 150 1190 188 volo.
1217 152 1264 189 91

163 207 273 245 Phil.
305 205 352 243 In
373 212 408 243 te
426 217 515 255 ergo
534 204 604 242 hoc
622 215 718 242 onus
736 217 847 242 omne
862 205 1029 256 impono.
1074 204 1194 254 Lyde,
1213 218 1269 242 sc-

323 272 437 311 quere
455 258 526 296 hac
544 271 617 296 me.

642 311 743 360 Lyd.
770 311 927 361 Sequor.

162 366 308 404 Melius
327 372 435 412 esset,
455 377 516 402 me
536 377 686 415 quoque
699 363 775 402 una
793 364 924 402 sicum
945 365 1010 402 illo
1029 363 1269 413 relinqueres.

164 421 271 458 Phil.
299 419 462 457 Affatim
493 426 561 456 est.
597 417 848 464 Mnesiloche,
879 430 969 455 cura
996 425 1033 455 et
1057 416 1269 467 concastiga

321 473 513 510 hominem
532 473 661 522 probe,

162 526 243 574 Qui
264 526 460 564 dedecorat
482 534 531 574 te,
556 537 631 573 me,
655 524 808 572 amicos,
839 531 952 575 atque
982 523 1089 570 alios,
1117 522 1269 574 flagitiis

320 579 410 618 suis.
1215 578 1267 615 95

387 733 570 772 ACTUS
599 733 682 772 III.
737 733 922 772 SCENA
954 733 1028 770 IV.

542 839 890 878 Mmzleochs.

160 946 416 985 Immitiorem
434 958 537 985 nunc
554 954 686 984 utrum
704 946 854 984 credam
873 946 995 995 magis

158 1000 384 1039 Sodalemne
420 1013 512 1048 esse,
545 1012 593 1037 an
626 999 872 1046 Bacchidem,
911 999 1095 1037 incertum
1134 998 1267 1037 admo-

317 1054 411 1091 dum
423 1054 482 1090 'st.

157 1107 278 1144 IUum
298 1106 489 1157 exoptavit
507 1107 664 1157 potius?
692 1105 853 1144 habeat:
883 1113 1040 1157 optume
1059 1111 1137 1143 est.
1127 1119 1137 1128 ·

157 1161 232 1198 Nae
250 1160 317 1198 illa
335 1160 433 1197 illud
452 1160 528 1211 (he
530 1159 622 1210 rcle)
644 1172 731 1198 cum
750 1160 951 1198 malefecit
973 1173 1053 1198 suo

155 1214 263 1252 Nam
281 1213 377 1251 mihi
395 1213 513 1251 divini
531 1226 730 1264 nunquam
746 1214 949 1265 quisquam
968 1213 1133 1260 creduat‚
1242 1214 1268 1249 5

155 1267 212 1304 Ni
231 1279 300 1317 ego
318 1267 424 1304 illam
443 1267 627 1317 exemplis
645 1267 819 1318 plurimis
838 1267 1026 1318 planeque
1044 1279 1143 1304 amo.

154 1321 242 1371 Ego
260 1320 350 1358 faxo
368 1321 472 1358 haud
491 1321 589 1359 dicet
605 1329 770 1368 nactam,
790 1333 904 1371 quem
928 1319 1106 1358 derideat.

154 1374 291 1412 Nam
276 1387 356 1423 Jam
369 1374 526 1412 domum
542 1375 618 1421 ibo,
634 1381 747 1425 atque
761 1373 906 1425 aliquid
921 1373 1120 1424 surripiam
1139 1373 1262 1423 patri:

156 1427 205 1464 Id
223 1427 286 1465 isti
305 1427 426 1465 dabo:
457 1440 527 1478 ego
545 1428 665 1465 istanc
682 1427 814 1465 multis
831 1427 989 1465 ulciscar
1007 1426 1129 1464 modis
1146 1440 1156 1463 z

154 1480 268 1519 Adeo
287 1494 356 1532 ego
381 1481 488 1519 illam
512 1494 646 1532 cogam
673 1493 808 1532 usque,
835 1488 879 1518 ut
905 1479 1268 1518 mendicet—meus

317 1541 435 1584 pater.
1216 1533 1264 1570 10

153 1586 230 1625 Sed
249 1587 375 1625 sati’n’
395 1599 464 1637 ego
483 1587 656 1625 animum
674 1593 801 1625 mente
819 1585 964 1625 sincera
981 1598 1084 1636 gero,

156 1639 238 1683 Qui
256 1641 306 1678 ad
320 1640 423 1678 hunc
441 1640 599 1678 modum
618 1641 700 1679 haec
717 1640 796 1688 hic,
816 1653 903 1691 quae
921 1639 1063 1686 futura,
1081 1638 1257 1677 fabulor.
1247 1641 1265 1667 ⁹

154 1693 270 1738 Amo,
288 1693 425 1741 hercle,
447 1693 618 1745 (opinor)
638 1700 770 1745 utpote
788 1692 890 1757 quod
908 1705 977 1744 pro
996 1700 1096 1731 certo
1115 1692 1246 1731 sciam.

151 1746 315 1795 Verum,
335 1759 452 1798 quam
470 1748 538 1786 illa
553 1760 726 1799 unquam
744 1746 792 1785 de
809 1760 894 1785 mea
911 1746 1074 1798 pecunia

152 1800 346 1838 Ramenta
363 1801 430 1838 fiat
447 1801 603 1851 plumea
620 1801 852 1862 propensior3
1214 1800 1262 1837 15

151 1852 380 1892 Mendicum
397 1854 531 1892 malim
549 1854 798 1893 mendicando
816 1855 975 1893 vincere.

150 1907 366 1958 Nunquam
389 1907 558 1959 (edepol)
580 1908 666 1946 viva
683 1921 746 1946 me
763 1908 955 1947 irridebit:
985 1919 1077 1945 nam
1094 1906 1191 1944 mihi

151 1959 383 1999 Decretum’
386 1968 422 1999 st
438 1973 676 2000 renumerare
691 1963 773 2023 jam
791 1974 904 2000 omne
922 1973 1059 1999 aurum
1073 1960 1185 2011 patri.

151 2013 279 2064 Igitur
293 2013 417 2052 mihi
406 2015 512 2052 mani
529 2023 644 2067 atque
661 2015 766 2065 inopi
785 2014 1102 2062 subblandibitur,

153 2066 274 2116 Tum,
295 2080 412 2119 quom
431 2080 516 2106 mea
531 2069 628 2108 illud
646 2069 766 2107 nihilo
783 2069 902 2121 pluris
920 2067 1068 2115 referet,
1211 2067 1263 2103 20

154 2120 285 2170 Quam
305 2121 336 2162 si
354 2121 402 2161 ad
421 2122 637 2175 sepulcrum
653 2130 804 2163 mortuo
822 2123 951 2163 dicat
937 2133 1078 2171 jocum·
