1412 2427
460 73 834 114 AMPHITRUO.
863 74 923 112 11.
948 77 989 113 2.
1220 74 1268 114 41

146 187 235 225 Alc.
264 184 340 222 Per
364 181 535 247 supremi
563 181 684 232 Regis
712 192 876 232 regnum
903 181 1005 231 juro,
1035 188 1073 220 et
1101 189 1264 222 matrem

142 237 357 338 Junonerfn,
381 302 500 341 quam
528 301 591 326 me
614 287 733 326 vereri
761 295 798 326 et
824 294 992 326 metuere
1015 295 1071 326 ωε
1095 302 1164 340 par
1182 302 1263 327 ma-

305 356 438 390 xume,
1183 344 1261 381 200

142 400 199 438 Ut
216 398 289 446 mi,
304 405 411 436 extra
428 408 552 433 unum
570 402 621 441 te,
641 394 812 433 mortalis
830 406 943 433 nemo
957 408 1094 446 corpus
1108 408 1260 447 corpore

142 452 328 504 Contigit,
349 463 425 502 quo
443 462 506 487 me
524 448 759 500 impudicam
777 448 926 487 faceret.

720 503 867 552 Amph·
888 503 991 541 Vera
1008 502 1111 541 istaec
1129 501 1257 540 velim.

140 561 232 599 Alc.
260 559 365 598 Vera
382 557 480 605 dico,
504 555 570 595 sed
596 555 873 608 nequidquam,
894 556 1076 608 quoniam
1104 567 1183 595 non
1201 556 1257 595 vis

139 667 287 717 Amph.
301 611 464 704 Tiduffgr
482 676 548 710 es3
575 663 751 702 audacter
766 664 885 713 juras.

619 719 710 756 Alc.
739 717 841 765 Quae
858 729 937 756 non
955 717 1131 769 deliquit,
1152 717 1258 756 decet

139 773 343 812 Audacem
359 784 474 834 fisse,
505 771 736 811 confidenter
765 783 835 823 pro
863 784 903 810 se
932 778 969 810 et
997 778 1169 823 proterve
1200 771 1256 835 lo:

146 881 293 931 Amph.
302 840 427 920 qlSIZtis
445 879 634 918 audacter.
1177 826 1255 863 2οὒ

407 935 498 972 Alc.
529 934 587 972 Ut
603 932 786 985 pudicam
804 931 922 971 decet.

81 1010 84 1012 v
700 988 848 1036 Amph.
882 987 947 1024 Tu
965 986 1089 1025 verbis
1107 987 1255 1038 probas.

138 1042 227 1080 Alc.
256 1041 349 1102 Non
361 1053 438 1102 ‘ego
454 1041 564 1080 illam
588 1041 685 1079 mihi
702 1040 831 1079 dotem
849 1040 947 1079 duco
965 1053 1058 1089 esse,
1079 1053 1166 1092 quae
1185 1040 1254 1079 dos

140 1148 216 1186 Sed
244 1095 480 1198 pudligssignd,
501 1154 538 1185 et
555 1147 754 1197 pudorem,
775 1154 812 1185 et
830 1146 1003 1185 sedatum
1021 1147 1254 1197 cupidinem,

138 1201 268 1239 Deum
286 1208 448 1261 metum,
469 1202 668 1251 parentum
686 1212 869 1247 amorem,
889 1207 926 1237 et
944 1203 1147 1250 cognatum
1166 1212 1255 1238 con-

143 1308 236 1347 Tibi
261 1253 469 1368 mgorigddssanj
482 1282 598 1358 atque
615 1313 659 1344 ut
676 1305 859 1345 munifioe
876 1305 947 1344 sim
967 1306 1090 1355 bonis,
1110 1308 1251 1358 prosim

138 1415 218 1453 Sos.
247 1414 289 1452 N
292 1362 440 1462 Ξωίξίὲ
466 1412 641 1465 (edepol)
669 1413 702 1450 si
729 1413 810 1451 haec
835 1426 921 1452 vera
949 1413 1134 1465 loquitur,
1166 1362 1255 1453 3312

297 1467 459 1506 mussim
479 1475 534 1506 est
552 1474 723 1518 optuma.

137 1522 283 1572 Amph.
309 1521 512 1582 Delenitus
539 1533 626 1560 sum
653 1519 819 1572 profecto
836 1521 904 1569 ita,
924 1528 968 1559 ut
986 1533 1063 1570 me,
1083 1521 1151 1572 qui
1169 1522 1256 1571 sim,

138 1631 219 1670 Sos.
249 1587 488 1680 Atldsslciliffdo
507 1641 546 1667 ἃ
573 1628 765 1680 profecto:
799 1641 887 1667 oeve
905 1629 969 1677 sis,
999 1640 1048 1666 ne
1065 1635 1108 1666 tu
1127 1637 1164 1667 te
1182 1643 1256 1668 usu

139 1737 203 1775 Ita
220 1682 506 1797 nunldiirgnlilizes
522 1735 787 1780 immutantur,
803 1744 1007 1788 postquam
1025 1748 1178 1786 peregre
1189 1735 1256 1773 ad-

138 1844 286 1893 Amph.
296 1802 482 1890 xffinffieqf.
484 1843 599 1882 istam
616 1855 697 1882 rem
715 1844 939 1896 inquisitam
953 1850 1098 1882 certum
1114 1842 1162 1882 ’st
1179 1855 1256 1881 non

300 1896 484 1935 amittere.
1177 1897 1255 1933 215

138 1952 229 1989 Alc.
256 1949 421 2001 Edepol,
441 1963 504 1989 me
520 1950 661 1990 libente
678 1951 806 1990 facies.

528 2006 676 2056 Amph.
706 2005 816 2052 Quid
834 2004 918 2044 ais?
948 2004 1132 2056 responde
1150 2003 1259 2042 mihi.

140 2058 249 2107 Quid
279 2059 310 2097 si
337 2058 485 2098 adduco
509 2065 620 2098 tuum
646 2067 851 2111 cognatum
879 2060 955 2097 huc
979 2071 1004 2096 a
1031 2058 1121 2096 navi
1149 2058 1258 2095 Nau-

140 2165 223 2213 Qui
233 2120 477 2206 meccruarlrtietttnn}
489 2167 647 2207 vectu'st
660 2168 738 2207 una
753 2168 840 2207 navi
853 2181 866 2215 3
888 2174 1003 2219 atque
1014 2165 1047 2204 is
1059 2165 1261 2255 sgdenegat

1024 2229 1054 2258 Ε
