1412 2427
441 259 945 312 PROLOGUS.

143 406 232 446 Hoc
250 404 363 456 agite,
385 404 506 451 sultis,
527 411 764 456 spectatores,
783 417 886 445 nunc
904 407 997 454 iam,

146 459 248 507 Quae
267 457 421 510 quidem
439 458 536 496 mihi
552 466 683 510 atque
683 458 789 496 vobis
807 472 863 497 res
881 467 1003 497 vortat
1020 461 1130 505 bene,

150 512 344 562 Gregique
361 511 465 559 huic,
485 519 522 550 et
540 504 717 558 dominis,
739 518 854 563 atque
872 512 1175 550 conductoribus.

149 565 278 603 Face
264 577 348 613 Jam
365 576 481 610 nunc,
499 571 542 602 tu
561 577 696 614 praeco‚
721 576 874 602 omnem
895 566 1061 603 auritum
1082 563 1258 616 poplum.

149 618 188 656 A
192 632 253 668 ge,
273 628 374 654 nunc
391 592 532 655 reside·
521 645 532 654 .
562 629 651 656 cave
668 617 782 655 modo
799 630 847 656 ne
865 619 1009 669 gratiis.
1233 619 1258 654 5

151 671 193 709 N
196 683 284 716 unc,
305 669 398 720 quid
414 670 654 720 processerim
673 671 763 716 huc,
779 679 817 709 et
833 671 926 722 quid
944 671 1040 709 mihi
1058 671 1258 717 voluerim,

152 723 320 769 Dicam3
347 730 391 760 ut
409 723 547 761 sciretis
565 735 704 761 nomen
722 723 839 773 hujus
857 724 1010 762 fabulae.

152 777 276 823 Nam,
295 775 397 826 quod
411 775 460 814 ad
477 788 744 826 argumentum
763 777 910 824 attinet,
930 790 1020 816 sane
1037 779 1150 816 breve
1168 776 1228 816 ’st-

154 829 198 868 N
199 842 288 876 unc,
308 828 409 879 quod
427 842 490 867 me
507 829 588 866 dixi
607 830 703 868 velle
721 830 826 868 vobis
844 831 979 879 dicere,

159 881 322 920 Dicam:
347 882 452 920 Huic
469 894 607 920 nomen
627 883 757 921 Graece
777 882 825 922 ’st
843 883 998 934 Onagos
1016 884 1169 923 fabulae.
1208 884 1258 922 10

160 934 418 985 Demophilus
437 934 610 984 scripsit3
632 936 788 974 Marcus
806 937 918 975 vortit
936 939 1105 976 barbare.

156 988 377 1026 Asinariam
396 988 474 1026 volt
493 999 584 1035 esse,
604 989 635 1026 si
653 1001 719 1038 per
735 1002 800 1027 vos
818 990 916 1027 licet.

157 1042 265 1079 Inest
282 1041 386 1091 lepos
403 1041 621 1091 ludusque
610 1054 650 1079 1n
668 1042 739 1080 hac
757 1042 954 1081 comoedia.

156 1093 337 1132 Ridicula
354 1106 410 1132 res
429 1102 495 1132 est.
533 1093 636 1132 Date
652 1095 815 1145 benigne
831 1108 983 1146 operam
1000 1096 1110 1144 mihi,

158 1146 216 1185 Ut
233 1158 300 1185 vos
317 1145 409 1186 item
425 1147 532 1197 alias,
551 1147 690 1199 pariter
708 1160 823 1199 nunc,
843 1149 953 1189 Mars
971 1149 1138 1200 adjuvet.
1213 1151 1262 1190 15
