1412 2427
185 40 260 77 124
486 38 847 78 AULULARIA.
875 39 935 77 11.
966 41 1003 76 2.

186 145 385 197 Virginem
402 145 525 206 liabeo
553 145 752 197 grandem,
780 145 868 183 dote
894 156 1053 193 cassam,
1077 153 1190 197 atque
1212 145 1297 185 ino-

183 252 321 303 Neque
340 199 542 302 gldisszriiel)
559 252 680 290 locare
703 252 923 302 quoiquam.
1241 200 1290 238 14

344 307 456 354 Meg.
487 305 612 343 Tace:
642 306 787 342 bonum
805 305 902 342 habe
920 304 1107 353 animum,
1127 305 1265 343 Euclio
1280 320 1292 343 τ

182 357 373 396 Dabitur:
404 358 629 407 adjuvabere
653 371 676 394 a
693 370 778 395 me:
809 357 883 407 dic,
913 358 944 396 si
968 357 1061 409 quid
1085 370 1180 409 opus
1207 366 1290 403 est;

182 466 282 502 Eue.
314 423 564 555 §3¹{ergetit
592 476 708 514 quom
736 464 960 515 pollicetur3
989 463 1110 501 inhiat
1136 412 1290 512 auruxlifi

343 526 387 555 ut
432 524 569 555 evoret.

179 571 313 609 Altera
331 583 448 608 manu
469 570 540 608 fert
558 569 738 620 lapidem,
757 582 897 621 panem
915 577 1077 608 ostentat
1094 569 1225 608 altera.

183 624 343 663 Nemini
362 623 484 668 credo,
505 623 570 674 qui
589 623 692 674 large
710 623 904 661 blandu'st
927 623 1030 661 dives
1050 623 1220 674 pauperi.

179 677 261 716 Ubi
278 689 437 715 manum
454 677 575 726 injicit
593 677 768 726 benigne,
797 677 851 715 ibi
878 684 1007 714 onerat
1029 676 1197 727 aliquam
1227 690 1290 716 za-

181 784 268 835 Ego
285 743 482 822 istonsnssgssi
500 783 671 834 polypos,
693 783 760 834 qui
779 782 864 831 sibi,
880 782 1068 834 quidquid
1087 733 1292 835 tetigeriffg

342 843 486 874 tenent.

178 892 294 939 Meg.
323 889 388 927 Da
418 890 474 927 mi
502 903 654 941 operam
682 902 899 940 parumper.
953 889 1105 938 Paucis,
1138 889 1290 936 Euclio,

343 949 399 980 est
421 943 522 992 quod
543 951 579 980 te
593 943 679 981 volo

180 995 242 1034 De
261 996 456 1033 communi
474 1008 513 1034 re
530 996 733 1046 appellare,
751 995 839 1033 mea
857 1002 893 1033 et
911 996 989 1034 tua.

786 1051 887 1085 Eue.
916 1049 996 1087 Hei
1012 1048 1147 1087 misero
1164 1049 1260 1088 mihi
1275 1051 1286 1088 Ξ

178 1102 336 1140 Aurum
354 1102 410 1140 mi
424 1102 527 1139 intus
545 1101 798 1152 harpagatum
811 1101 871 1140 ’st.
901 1102 943 1139 N
944 1113 1018 1140 unc
1032 1101 1094 1141 hic
1108 1115 1192 1141 oem
1209 1116 1290 1142 rem

181 1156 772 1259 Mecumvgdliesffi'pactionem.
817 1208 965 1247 Verum
990 1209 1206 1248 intervisam
1222 1208 1290 1300 (12οἐ

340 1274 463 1299 mum.

184 1317 299 1365 Meg.
331 1315 423 1363 Quo
441 1315 551 1353 abis?

556 1370 656 1406 Eue.
683 1369 713 1406 J
715 1380 778 1405 am
792 1368 840 1406 ad
858 1376 895 1407 te
913 1376 1100 1407 revortar:
1121 1380 1288 1421 namque

661 1429 729 1467 ὧι,
750 1421 853 1471 quod
872 1421 992 1460 visam
1008 1421 1180 1459 domum.

179 1476 295 1525 IWeg.
324 1474 461 1523 Credo,
484 1473 655 1526 (edepol)
676 1474 743 1512 ubi
766 1474 998 1513 mentionem
1017 1487 1085 1525 ego
1102 1474 1222 1513 feoero
1240 1474 1286 1513 de

179 1581 285 1619 Mihi
301 1587 346 1618 ut
363 1579 605 1632 despondeat,
627 1593 704 1618 sese
722 1593 745 1617 a
762 1593 824 1618 me
842 1580 999 1618 derideri
1016 1581 1171 1620 rebitur.

177 1635 317 1685 Neque
342 1633 409 1671 illo
436 1634 638 1685 quisquam
660 1634 709 1671 'st
734 1634 828 1672 alter
854 1633 966 1672 hodie
992 1646 1040 1671 ex
1066 1641 1287 1686 paupertate

339 1699 498 1736 parcior.

182 1742 282 1777 Eue.
311 1738 380 1777 Dii
407 1753 471 1778 me
495 1748 668 1778 servant:
700 1739 802 1778 salva
823 1753 881 1778 res
899 1747 979 1778 est:
1010 1740 1158 1779 salvum
1178 1741 1240 1790 ’st,
1259 1742 1292 1780 si

339 1793 433 1844 quid
451 1805 527 1831 non
545 1794 657 1844 perit.
1235 1795 1288 1833 30

179 1846 308 1884 Nimis
339 1847 439 1885 male
470 1846 605 1936 timui:
636 1846 872 1898 priusquam'
893 1848 992 1885 intro
1016 1847 1123 1896 redii,
1150 1847 1280 1886 exani-

338 1907 463 1938 matus
498 1912 552 1937 ui.

180 1952 311 1991 Redeo
329 1952 378 1990 ad
396 1961 446 2002 te,
466 1952 687 2003 Megadore,
709 1954 741 1992 si
759 1954 854 2006 quid
871 1967 934 1992 me
951 1953 1022 1992 vis.

816 2009 929 2057 Meg.
958 2008 1095 2046 Habeo
1111 2007 1286 2058 gratiam.

179 2059 334 2109 Quaeso,
350 2058 453 2111 quod
473 2066 509 2097 te
522 2061 782 2110 percontabor,
795 2073 843 2097 ne
854 2061 894 2098 id
910 2067 948 2098 te
961 2060 1087 2111 pigeat
1099 2061 1288 2113 proloqui.

916 2184 920 2191 .
937 2162 983 2187 »s

709 2195 746 2227 „sy
775 2188 797 2224 ον
823 2193 1081 2229 †1v-'⁸-'{=

701 2228 735 2255 j
830 2240 831 2243 =
882 2220 919 2252 ts
985 2231 1033 2270 }*‘
