1412 2427
409 32 709 71 ASINARIA.
738 32 821 70 ΙΙΙ.
850 34 887 69 2.
1147 33 1198 71 95

90 140 287 193 [Artitos,]
307 138 482 177 audaceis
505 137 615 181 virm,
636 138 816 176 valenteis
834 138 1048 188 virgatores.

90 196 232 234 Liban-
261 193 414 239 Fateor,
433 191 614 243 profecto,
634 199 678 229 ut
701 191 895 242 praedicas,
916 191 1101 239 Leonida,
1122 205 1200 231 esse

244 259 344 285 vera.
1145 248 1197 283 20

84 301 231 339 Verum
251 299 418 351 (edepol)
438 311 510 347 nae,
533 298 646 337 etiam
665 305 732 336 tua
750 311 903 349 quoque
914 298 1112 336 malefacta
1130 299 1199 336 ite-

245 353 320 392 rari
337 353 462 391 multa

83 409 139 447 Et
156 420 244 446 vero
261 414 442 458 possunt:
473 406 542 444 ubi
561 405 678 444 sciens
697 405 800 444 fideli
817 405 957 443 infidus
975 405 1115 451 fueris3

81 461 163 502 Ubi
181 461 388 513 prehensus
405 460 445 497 in
462 460 566 498 furto
584 460 668 503 sies,
684 467 721 497 et
735 458 935 497 manifesto
953 461 1169 498 verberatus
1184 475 1196 505 ;

82 515 164 554 Ubi
181 515 410 566 peijurari83
440 514 507 552 ubi
525 526 630 551 sacro
647 526 785 551 manus
805 513 854 551 sis
873 512 1103 558 admolitus;
1144 516 1195 551 24

81 569 163 607 Ubi
179 568 278 606 heris
296 567 451 614 damno,
470 567 666 614 molestiae,
683 574 719 605 et
733 566 918 613 dedecori,
939 579 1038 617 saepe
1056 567 1195 611 fueris;

81 623 176 669 Ubi,
197 621 381 660 creditum
401 620 504 672 quod
523 620 585 667 sit,
604 620 674 659 tibi
692 620 826 658 datum
845 632 922 658 esse
940 621 1184 671 pernegari53

79 675 162 714 Ubi
179 675 324 722 amicae,
345 687 464 726 quam
482 674 604 712 amico
623 682 704 721 tuo,
723 674 839 712 fueris
857 674 980 724 magis
1000 673 1121 713 fidelis
1137 688 1149 719 ς

80 729 161 768 Ubi
181 742 279 780 saepe
297 728 346 766 ad
363 729 587 779 languorem
605 727 674 765 tu‘a
692 727 832 766 duritia
851 727 997 766 dederis
1016 736 1099 766 octo

78 781 239 820 Validos
255 782 418 828 lictores,
439 781 576 819 ulmeis
594 781 746 819 affectos
763 781 876 819 lentis
894 781 1021 831 virgis.

80 837 192 875 Num
210 837 311 875 male
323 836 440 874 relata
455 834 503 873 ’st
515 835 668 886 gratia?
688 842 732 872 ut
746 835 929 886 collegam
944 835 1177 874 collaudavi!

80 891 202 928 Leon.
230 890 286 928 Ut
303 902 442 940 meque
461 897 574 940 teque
591 901 775 927 maxume
797 896 911 940 atque
935 888 1087 939 ingenio
1108 901 1197 928 nos-

241 951 300 981 tro
318 942 455 981 decuit.
1142 945 1189 981 31

82 998 224 1036 Liban.
251 996 497 1087 Jamdgmitte
520 996 616 1042 ista;
647 1004 761 1048 atque
782 995 869 1043 hoc,
890 995 994 1047 quod
1012 1009 1117 1047 rogo,
1138 1010 1197 1036 re-

242 1062 335 1101 spon

405 1104 527 1141 Leon.
556 1103 698 1154 Rogita
716 1103 819 1154 quod
837 1102 905 1141 vis.

81 1158 223 1197 Liban.
252 1157 414 1208 Argenti
432 1157 568 1208 viginti
585 1157 709 1195 minas
725 1156 918 1195 habesne?

839 1211 955 1248 Leon.
986 1209 1198 1249 Hariolare.

80 1264 246 1316 Edepol,
266 1275 394 1303 senem
414 1263 683 1302 Demaenetum
701 1263 873 1315 lepidum
890 1263 1007 1301 fuisse
1021 1264 1142 1302 nobis.

80 1319 138 1358 Ut
155 1319 402 1356 assimulabat
420 1319 602 1356 Sauream
621 1318 708 1356 med
727 1331 818 1365 esse,
839 1330 957 1368 quam
976 1317 1093 1355 facete
1111 1318 1120 1354 !
1143 1318 1195 1355 35

79 1371 211 1411 Nimis
230 1384 328 1423 aegre
344 1371 463 1409 risum
479 1371 663 1417 continui,
675 1371 743 1408 ubi
760 1370 948 1421 hospitem
961 1370 1198 1419 inclamavit,

79 1425 212 1474 Quod,
232 1438 271 1464 se
289 1426 456 1473 absente,
477 1425 574 1462 mihi
590 1424 705 1462 fidem
723 1424 862 1462 habere
879 1423 1074 1462 noluisset.

79 1479 137 1518 Ut
154 1479 370 1517 memoriter
387 1491 450 1517 me
472 1479 656 1518 Sauream
674 1479 832 1516 vocabat
849 1477 1050 1516 atriensem
1066 1479 1076 1515 !

79 1533 221 1572 Liban.
248 1533 371 1572 Mane
391 1531 498 1570 dum.

345 1587 467 1626 Leon.
494 1585 603 1635 Quid
621 1592 676 1625 est
689 1588 707 1624 Ρ

562 1641 704 1678 Liban.
733 1639 956 1677 Philenium
975 1645 1078 1678 estne
1096 1638 1191 1686 haec,
1210 1666 1214 1668 -

666 1706 753 1746 quae
769 1693 874 1732 intus
891 1693 985 1740 exit,

80 1747 213 1799 Atque
230 1746 471 1799 Argyrippus
488 1747 595 1786 una?

239 1802 357 1838 Leon.
385 1802 575 1853 Opprime
592 1814 659 1839 os:
687 1801 720 1840 is
739 1808 818 1840 est:
849 1799 1190 1839 subauscultemus.

78 1854 376 1893 Lacrumantem
411 1855 551 1893 lacinia
577 1863 680 1893 tenet
710 1856 938 1894 lacrumans.
993 1853 1191 1901 Quidnam

238 1920 316 1946 esse
334 1907 458 1946 dicam
472 1911 490 1947 ‚⁹
1139 1907 1186 1943 41

78 1961 211 2001 Tacite
231 1962 499 2000 auscultemus.

184 2016 325 2054 Liban.
345 2015 496 2054 Attate!
518 2015 632 2054 modo
652 2016 817 2062 (hercle)
833 2015 873 2053 in
893 2022 1060 2054 mentem
1075 2013 1191 2051 venit.

79 2068 208 2107 Nimis
226 2069 362 2107 vellem
380 2069 519 2108 habere
535 2070 728 2121 perticam.

451 2125 571 2161 Leon.
600 2123 704 2170 Quoi
723 2123 776 2161 rei
795 2126 812 2161 :⁴
