1412 2427
191 60 268 98 160
358 57 1123 108 AULULAR1A.[Supplementum.]

193 167 248 204 Ut
265 165 489 204 Euclionem
509 177 677 204 socerum
696 177 744 203 ex
761 163 868 202 luctu
886 163 1074 202 retraham
1269 163 1294 199 5

190 219 258 257 Ad
276 219 518 265 hilaritatem,
539 225 576 256 et
593 217 689 256 mihi
707 217 901 255 conciliem
921 217 1055 265 filiam,

191 271 256 310 Ex
274 284 487 323 compressu
505 283 590 309 meo
609 283 745 308 novam
764 282 1000 321 puerperam.

192 325 267 362 Sed
287 337 368 362 ecce
387 324 482 361 redit
500 331 658 362 onustus
676 323 875 361 Strobilus.
922 323 977 361 Ut
994 334 1090 370 reor,

189 378 338 415 Aulam
356 384 552 428 apportat.
583 384 620 415 et
638 383 736 414 certe
755 383 809 414 est
827 375 927 420 aula,
946 388 1063 426 quam
1081 375 1189 425 gerit.

191 432 295 468 Stro.
325 430 531 481 Lyconide‚
551 437 706 480 apporto
724 429 921 466 inventum
940 427 1169 479 promissum
1187 427 1271 475 tibi,

189 484 336 521 Aulam
355 483 439 520 auri
457 483 738 534 quadrilibrem.
778 481 887 519 Num
907 493 1010 519 serus
1028 480 1115 518 fui?
1243 481 1287 517 11

190 538 288 586 Lyc.
317 537 479 586 Nempe.
519 536 557 575 O
581 535 650 574 Dii
678 534 936 573 immortales!
967 533 1060 586 quid
1081 533 1204 582 video,
1227 541 1294 571 aut

347 589 440 640 quid
458 589 599 628 habeo.
590 592 608 618 ⁹

189 642 286 680 Plus
308 648 501 680 sexcentos
521 642 742 694 Philippeos
759 649 814 680 ter
831 648 868 679 et
886 647 1030 692 quater.

189 695 266 733 Sed
284 707 479 733 evocemus
497 695 723 734 Euclionem
743 694 926 747 protinus.

188 748 227 787 O
246 748 409 787 Euclio!
440 748 599 787 Euclio!

525 803 639 851 Meg.
666 800 829 840 Euclio!
861 798 1025 839 Euclio!

875 855 974 891 Eue.
1003 851 1111 900 Quid
1129 851 1212 891 est?
1241 851 1290 889 15

193 908 286 956 Lyc.
305 907 499 946 Descende
517 906 566 945 ad
583 919 672 955 nos;
690 919 781 946 nam
801 906 869 944 Dii
887 914 924 945 te
942 913 1130 945 servatum
1148 906 1296 944 volunt.

188 960 390 999 Habemus
412 960 552 998 aulam.

536 1015 637 1050 Euo.
666 1011 874 1050 Habetisne
887 1013 906 1050 ?
934 1023 983 1049 an
1002 1023 1065 1050 me
1082 1010 1259 1049 deluditis
1273 1013 1292 1049 ?

189 1067 288 1116 Lyc.
316 1066 531 1115 Habemus,
554 1065 726 1116 inquam.
768 1064 904 1113 Modo,
932 1065 964 1103 si
985 1071 1104 1116 potes,
1129 1063 1206 1104 huc
1226 1063 1294 1103 ad-

188 1174 289 1210 Euc.
322 1120 517 1222 droggne
535 1171 714 1222 Jupiter!
745 1183 768 1209 o
788 1170 865 1208 Lar
882 1169 1106 1210 familiaris!
1137 1177 1174 1209 et

186 1225 337 1275 Regina
354 1225 383 1263 J
387 1238 461 1263 uno
477 1225 486 1262 !
518 1232 555 1262 et
571 1232 696 1262 noster
714 1224 943 1263 thesaurarie
1243 1224 1296 1262 20

188 1278 327 1316 Alcide
342 1279 352 1316 !
384 1278 536 1316 tandem
555 1278 720 1315 miserati
738 1278 921 1315 miserum
939 1289 1066 1315 senem
1081 1277 1092 1314 !

187 1331 253 1370 Oh
270 1331 279 1369 !
320 1331 394 1369 oh!
428 1343 544 1382 quam
563 1330 672 1378 laetis,
697 1331 798 1378 aula,
819 1329 888 1368 tibi
907 1331 1050 1368 amicus
1068 1341 1181 1368 senex

188 1384 429 1435 Complector
446 1383 561 1430 ulnis,
581 1391 617 1422 et
634 1392 671 1422 te
689 1383 792 1421 dulci
811 1383 917 1434 capio
935 1382 1085 1421 osculo!

186 1436 349 1487 Expleri
367 1449 512 1488 nequeo
529 1436 635 1474 mille
654 1437 713 1474 vel
731 1435 1004 1486 complexibus.

188 1489 227 1527 Ο
247 1490 354 1541 spes!
385 1503 408 1527 o
427 1490 513 1528 cor!
545 1490 690 1526 luctum
710 1489 957 1539 depulverans
976 1500 1118 1526 meum.
1242 1491 1294 1526 25

188 1544 285 1591 Lyc.
313 1543 425 1580 Auro
443 1555 565 1580 carere
582 1554 728 1591 semper
745 1541 840 1579 duxi
861 1552 1084 1591 pessumum

186 1595 242 1632 Et
258 1595 399 1646 pueriS,
420 1603 456 1633 et
474 1595 575 1641 viris,
596 1602 633 1632 et
651 1593 801 1632 senibus
819 1593 1009 1632 omnibus.

187 1648 330 1686 Pueros
347 1654 515 1698 prostare
532 1647 632 1697 cogit
649 1646 870 1706 indigentia,

188 1700 301 1738 Viros
319 1701 451 1745 furari
470 1699 744 1738 mendicarier
734 1713 833 1749 1psos
853 1711 969 1737 senes.

185 1753 243 1791 At
259 1754 382 1791 multo
400 1755 508 1804 pejus
525 1761 593 1800 est,
615 1760 656 1790 ut
675 1753 782 1791 video
802 1765 916 1798 nunc,
937 1766 1052 1804 supra
1240 1754 1292 1792 30

188 1806 321 1853 Quam
339 1806 443 1857 quod
460 1818 607 1844 necesse
625 1813 680 1844 est
697 1805 821 1853 nobis,
839 1818 930 1843 auro
948 1807 1171 1856 opulescere.

188 1859 306 1897 Heu!
338 1867 498 1910 quantas
516 1872 648 1910 passus
667 1867 723 1897 est
739 1871 926 1896 aerumnas
943 1859 1097 1907 Euclio,

189 1912 255 1951 Ob
273 1913 401 1950 aulam
419 1912 534 1962 paulo
552 1920 639 1950 ante
657 1925 680 1949 a
697 1925 735 1950 se
753 1911 1010 1964 deperditam!

187 1968 288 2004 Eue.
325 1965 430 2013 Quoi
458 1965 610 2003 meritas
637 1964 796 2004 referam
825 1972 949 2015 grates
963 1967 981 2004 ἓ
1019 1977 1068 2003 an
1090 1964 1193 2013 Diis,
1225 1966 1292 2018 qui

348 2021 465 2057 bonos

189 2072 417 2123 Respectant
433 2071 604 2110 homines
620 2073 637 2110 ?
667 2084 716 2109 an
734 2071 877 2118 amicis,
896 2070 1004 2110 rectis
1018 2070 1105 2109 viris
1118 2073 1137 2109 ?
1236 2072 1289 2109 35

189 2127 254 2163 An
273 2124 441 2176 utrisque
453 2126 471 2163 ἓ
501 2124 668 2176 utrisque
685 2124 823 2177 potius.
859 2124 914 2163 Et
930 2125 1098 2176 primum
1116 2123 1198 2174 tibi,
