1412 2427
196 91 273 128 236
508 89 837 130 CAPTEIVEI.
865 89 923 127 11.
952 91 989 126 2.

365 196 490 246 Tynd.
520 196 621 234 Tam
641 209 711 248 ego
731 196 789 234 fui
807 203 894 234 ante
911 195 1020 244 liber,
1037 206 1153 246 quam
1171 201 1310 245 gnatus

199 303 303 342 Tam
330 303 441 351 mihi,
469 257 597 354 tgggm
632 301 704 350 illi,
738 301 950 341 libertatem
994 300 1143 340 hostilis
1175 249 1314 353 eripgg

202 410 303 448 Tam
321 369 520 460 fflgxgzgffi
533 421 602 447 nos
623 408 751 455 servit,
780 421 897 460 quam
921 421 989 459 ego
1008 419 1110 446 nunc
1127 407 1191 446 hic
1208 407 1313 459 apud

201 517 273 555 Est
291 470 601 576 prossgcssgrsszhs,
622 514 704 566 qui,
725 527 812 566 quae
834 526 902 552 nos
923 513 1105 565 gerimus,
1131 513 1314 566 auditque

203 623 257 671 Is,
277 622 335 660 uti
354 577 399 659 ἐξ
413 569 557 660 1ζῖἶὲἙο
579 620 768 665 habueris,
794 620 951 673 proinde
974 621 1086 659 illum
1108 620 1187 659 illic
1205 633 1313 711 ωιὸαὲ

365 683 469 713 vent.

202 730 310 768 Bene
327 729 487 766 merenti
504 730 599 766 bene
617 726 813 779 profuerit,
832 727 933 765 male
950 727 1108 765 merenti
1128 740 1198 778 par
1216 727 1297 765 erit.

203 783 335 829 Quam
354 790 395 820 tu
415 782 538 819 filium
553 790 679 828 tuum,
696 788 774 819 tam
794 789 899 832 pater
913 793 976 818 me
988 793 1096 819 meus
1115 780 1316 818 desiderat.

204 837 312 886 Heg.
352 835 519 872 Memini
548 847 616 885 ego
637 834 742 872 istoc.
784 834 858 873 Sed
888 834 1050 872 fateri'n'
1074 833 1206 873 eadem
1229 847 1316 885 quae

366 888 427 926 hie
445 887 596 925 fassu'st
615 887 710 924 mihi
725 887 743 923 ?

212 943 338 992 Tynd.
366 941 452 991 Ego
481 941 580 992 patri
611 952 696 978 meo
721 952 798 978 esse
826 940 944 978 fateor
971 952 1139 979 summas
1167 938 1316 978 divitias

372 993 491 1040 domi,

207 1048 354 1100 Meque
394 1059 546 1085 summo
582 1058 717 1096 genere
752 1053 897 1084 natum.
954 1045 1028 1085 Sed
1064 1054 1102 1085 te
1137 1047 1315 1096 obtestor,

368 1100 408 1138 H
460 1100 508 1147 ‘o‚

208 1155 271 1193 Ne
289 1161 401 1191 tuum
412 1113 588 1190 {grllirnum
602 1152 808 1191 avariorem
826 1152 950 1191 faxint
967 1152 1108 1191 divitiae
1125 1165 1243 1191 meae:
1264 1154 1318 1198 70

209 1208 271 1246 Ne
289 1207 403 1257 patri,
423 1206 574 1244 tametsi
592 1207 724 1244 unicus
736 1218 835 1253 sum,
849 1206 977 1245 decere
994 1205 1165 1244 videatur
1178 1207 1317 1258 magis,

208 1262 280 1299 Me
299 1267 471 1298 saturum
490 1260 627 1298 servire
645 1260 747 1310 apud
766 1267 802 1297 te
820 1267 950 1298 sumtu
973 1266 1011 1298 et
1027 1260 1164 1298 vestitu
1182 1266 1263 1308 tuo,

209 1314 342 1352 Potius
367 1326 484 1364 quam
510 1313 582 1358 ini,
606 1313 673 1351 ubi
694 1312 853 1351 minime
873 1311 1146 1363 honestum’st,
1169 1313 1318 1352 mendi.

370 1374 519 1404 cantem
543 1367 679 1404 vivere.

209 1421 320 1471 Heg.
361 1420 461 1470 Ego,
496 1420 633 1457 virtute
670 1419 799 1457 Defim
835 1426 872 1457 et
906 1419 1096 1468 majorum
1131 1421 1318 1469 nostrfim,

370 1473 473 1511 dives
491 1485 577 1511 sum
599 1473 698 1510 satis.

209 1527 251 1565 Ν
253 1539 302 1565 on
321 1539 390 1578 ego
409 1527 563 1564 omnino
580 1527 731 1564 lucrum
749 1538 862 1564 omne
879 1539 957 1564 esse
975 1526 1068 1564 utile
1086 1525 1234 1565 homini
1252 1539 1320 1565 ex-

368 1580 522 1618 istumo.
1267 1580 1319 1624 75

211 1632 296 1671 Scio
329 1646 422 1684 eg03
454 1633 595 1670 multos
618 1633 700 1681 jam
726 1632 877 1670 lucrum
907 1631 1118 1671 luculentos
1146 1632 1332 1677 homines>

373 1685 537 1724 reddidit
552 1699 563 1722 ε

211 1739 283 1777 Est
298 1739 426 1786 etiam,
443 1738 510 1776 ubi
520 1739 684 1789 profecto
695 1739 880 1778 damnum
891 1747 1042 1789 praestet
1054 1739 1189 1788 facere,
1202 1752 1321 1791 quam

370 1793 535 1830 lucrum.

212 1845 292 1884 Odi
309 1858 379 1896 ego
396 1858 558 1883 aurum:
579 1845 703 1883 multa
717 1846 849 1884 multis
867 1859 965 1897 saepe
978 1846 1094 1884 suasit
1111 1859 1320 1898 perperam.

213 1900 254 1936 N
257 1912 330 1937 une
346 1899 418 1936 hoc
435 1899 609 1936 animum
627 1899 825 1949 advortito,
844 1906 890 1938 ut
906 1913 963 1949 ea,
989 1913 1076 1950 quae
1100 1900 1234 1949 sentio,
1253 1913 1320 1952 pa-

372 1952 461 1990 riter
479 1952 583 1990 scias.

212 2005 335 2044 Filius
352 2018 460 2044 meus
477 2005 555 2043 fflic
573 2005 677 2056 apud
694 2018 759 2044 vos
774 2007 887 2045 servit
904 2014 1037 2058 captus
1055 2006 1173 2045 Alide
1188 2021 1200 2045 ι
1267 2009 1320 2047 80

213 2059 318 2097 Eum
341 2058 523 2149 sidreddis
549 2059 659 2108 mihi,
688 2067 866 2108 praeterea
892 2073 1015 2099 unum
1041 2072 1246 2098 nummum
1274 2073 1322 2099 ne

403 2125 461 2150 u1s
480 2125 492 2158 ;
