1412 2427
396 61 770 101 AMPHITRUO.
799 62 853 101 V.
879 65 918 101 2.
1158 65 1211 101 65

101 168 295 220 Persequi.
315 167 526 220 Postquam
545 169 740 219 conspexit
754 168 911 219 angueis
922 169 986 207 ille
1000 168 1094 206 alter
1105 182 1214 219 puer,

101 223 211 261 Citus
225 235 246 260 e
259 220 366 260 cunis
382 222 508 260 exsilit
517 236 530 268 ;
550 222 640 260 facit
653 222 754 260 rect&
771 222 812 259 in
829 222 985 273 angueis
1002 222 1191 271 impetum
1206 237 1218 261 ε

99 275 280 315 Alterum
301 275 419 314 alter&
437 275 686 326 apprehendit
704 288 766 314 eos
784 287 903 312 manu
927 275 1138 326 perniciter.

100 329 248 380 Amph.
277 329 385 367 Mira
397 341 611 367 memoras:
632 329 750 367 nimis
766 328 1056 368 formidolosum
1071 328 1218 367 facinus

260 382 456 434 praedicas.
1167 384 1217 420 65

101 436 209 474 Nam
227 436 324 474 mihi
340 436 471 474 horror
482 438 655 474 membra
672 436 810 475 misero
827 435 986 488 percipit
1004 435 1114 474 dictis
1133 435 1221 475 tuis.

104 489 213 537 Quid
231 489 274 527 fit
291 489 426 528 deinde
437 489 455 526 ἐ’
482 502 593 541 porro
611 490 777 541 loquere.

483 545 623 581 Brom.
655 544 757 581 Puer
775 545 888 581 ambo
907 544 1064 594 ang-aeis
1083 542 1221 582 enicat.

102 596 213 634 Dum
246 597 327 635 haec
364 604 545 647 aguntur,
580 610 671 636 voce
704 597 806 636 clara
839 597 1029 636 exclamat
1058 609 1221 635 uxorem

261 658 370 688 tuam
389 677 399 686 -
422 677 432 687 .
452 678 463 687 .

105 705 253 755 Amph.
284 704 384 752 Quis
402 704 518 742 homo
535 706 553 744 ?

409 760 549 796 Brom.
572 759 759 798 Summus
777 759 984 810 imperator
997 757 1145 796 Divom
1164 765 1223 796 at-

588 825 664 864 que
681 813 898 861 hominum,
920 812 1087 864 Jupiter.
1171 813 1221 851 69

102 865 145 904 Is
163 879 202 904 se
220 865 318 903 dixit
337 879 426 904 cum
438 865 658 904 Alcumena
671 866 770 904 clam
782 874 1004 905 consuetum
1017 865 1222 912 cubilibus,

101 919 287 970 Eumque
305 920 430 958 filium
449 933 564 958 suum
583 933 661 958 &sse
680 921 748 971 qui
766 920 852 958 illos
870 919 1028 971 angueis
1047 919 1202 958 vicerit:

103 973 288 1011 Alterum
306 981 419 1012 tuum
439 986 519 1012 esse
537 973 636 1012 dixit
654 987 833 1025 puerum.

558 1028 596 1064 A
603 1029 707 1077 mpk.
737 1028 824 1074 Pol,
844 1041 908 1066 me
926 1027 1031 1065 haud
1049 1026 1222 1077 poenitet,

105 1078 257 1117 Scilicet
274 1079 365 1117 boni
383 1079 589 1118 dimidium
608 1081 706 1118 mihi
724 1080 893 1119 dividere
912 1093 1001 1118 cum
1019 1081 1131 1118 Jove.

107 1131 191 1170 Abi
208 1131 368 1169 domum
383 1147 393 1170 :
411 1134 504 1182 jube
516 1146 605 1171 vasa
614 1147 713 1184 pura
731 1141 904 1172 actutum
922 1133 1097 1171 adornari
1110 1132 1222 1180 mihi,

108 1185 165 1223 Ut
182 1185 211 1222 J
213 1185 292 1222 ovis
312 1186 479 1236 supremi
497 1186 630 1223 multis
647 1186 779 1224 hostiis
798 1199 931 1236 pacem
951 1195 1140 1238 expetam.
1169 1187 1221 1231 75

106 1238 195 1288 Ego
214 1238 404 1277 Tiresiam
423 1239 674 1288 conjectorem
692 1239 899 1286 advocabo,
919 1247 956 1278 et
974 1239 1186 1286 consulam,

105 1290 214 1339 Quid
242 1291 467 1330 faciundum
493 1300 665 1339 censeat3
697 1293 814 1331 simul
842 1294 941 1332 hanc
962 1307 1059 1342 rem,
1079 1301 1124 1331 ut
1146 1292 1226 1331 fac-

268 1346 373 1392 ta'st‚
393 1346 562 1397 eloquar.

108 1398 183 1438 Sed
213 1398 308 1450 quid
334 1399 405 1437 hoc
419 1401 437 1438 ,⁹
466 1412 585 1449 quam
614 1398 738 1437 valide
766 1400 916 1439 tonuit!
958 1401 1042 1450 Dii,
1070 1401 1226 1440 obsecro

267 1459 431 1492 vostram
450 1452 594 1492 fidem!

367 1579 555 1620 ACTUS
586 1580 636 1619 V.
692 1581 880 1622 SCENA
911 1582 975 1621 ΙΙ.

559 1677 588 1715 J
592 1687 790 1716 UPITER.

111 1768 224 1807 Bono
241 1769 370 1830 animo
393 1783 458 1817 ως
487 1784 616 1810 assum
639 1773 799 1822 auxilio,
823 1772 1074 1826 Amphitruo,
1100 1774 1169 1813 tibi
1192 1783 1227 1813 ct

269 1830 346 1861 tuls
363 1838 374 1861 ε

112 1874 226 1913 Nihil
245 1884 300 1914 est
320 1877 424 1928 quod
442 1878 588 1918 timeas.
628 1879 823 1927 Hariolos‚
843 1880 1060 1933 haruspices

113 1928 232 1966 Mitte
250 1931 407 1969 omneis.
461 1932 562 1979 Quae
580 1933 722 1978 futura,
745 1941 782 1972 et
799 1947 886 1985 quae
904 1935 1017 1983 facta,
1040 1935 1195 1986 eloquar

113 1981 246 2020 Multo
264 1983 358 2022 adeo
375 1985 512 2023 melius
530 1999 647 2037 quam
659 1987 731 2035 illi,
751 2000 870 2038 quom
881 1989 953 2026 sim
966 1988 1132 2040 Jupiter.

113 2034 291 2074 Primum
309 2037 499 2086 omnium,
517 2039 747 2079 Alcumenae
764 2055 922 2080 usuram
941 2042 1104 2094 eorporis
1204 2044 1228 2078 5

111 2088 222 2138 Cepi,
243 2097 279 2127 et
297 2092 501 2130 ooncubitu
516 2093 714 2144 gravidam
733 2095 803 2133 feci
821 2094 913 2134 filio.

112 2140 177 2180 Tu
196 2144 395 2194 gravidam
412 2146 504 2185 item
523 2146 655 2197 fecisti⁷
676 2161 795 2200 quom
814 2148 853 2186 in
873 2149 1082 2188 exercitum

1050 2203 1121 2238 03
