<?xml version="1.0" encoding="UTF-8"?>
<!DOCTYPE html PUBLIC "-//W3C//DTD XHTML 1.0 Transitional//EN"
    "http://www.w3.org/TR/xhtml1/DTD/xhtml1-transitional.dtd">
<html xmlns="http://www.w3.org/1999/xhtml" xml:lang="en" lang="en">
 <head>
  <title>
</title>
<meta http-equiv="Content-Type" content="text/html;charset=utf-8" />
  <meta name='ocr-system' content='tesseract 3.04.00' />
  <meta name='ocr-capabilities' content='ocr_page ocr_carea ocr_par ocr_line ocrx_word'/>
</head>
<body>
  <div class='ocr_page' id='page_1' title='image "./comoediaesupers01plauuoft_0118.png"; bbox 0 0 1412 2427; ppageno 0'>
   <div class='ocr_carea' id='block_1_1' title="bbox 171 41 944 82">
    <p class='ocr_par' dir='ltr' id='par_1_1' title="bbox 171 41 944 82">
     <span class='ocr_line' id='line_1_1' title="bbox 171 41 944 82; baseline -0.005 0"><span class='ocrx_word' id='word_1_1' title='bbox 171 45 244 82; x_wconf 87' lang='lat'>110</span> <span class='ocrx_word' id='word_1_2' title='bbox 504 41 794 82; x_wconf 81' lang='lat' dir='ltr'><strong>ASINARIA.</strong></span> <span class='ocrx_word' id='word_1_3' title='bbox 825 43 876 80; x_wconf 92' lang='lat' dir='ltr'>V.</span> <span class='ocrx_word' id='word_1_4' title='bbox 905 43 944 78; x_wconf 81' lang='lat'>2.</span> 
     </span>
    </p>
   </div>
   <div class='ocr_carea' id='block_1_2' title="bbox 163 147 1284 2166">
    <p class='ocr_par' dir='ltr' id='par_1_2' title="bbox 163 147 1284 2166">
     <span class='ocr_line' id='line_1_2' title="bbox 169 147 1273 195; baseline -0.003 -8"><span class='ocrx_word' id='word_1_5' title='bbox 169 151 321 188; x_wconf 79' lang='lat' dir='ltr'>Artem.</span> <span class='ocrx_word' id='word_1_6' title='bbox 351 149 454 187; x_wconf 86' lang='lat' dir='ltr'><strong>Tace</strong></span> <span class='ocrx_word' id='word_1_7' title='bbox 481 149 617 187; x_wconf 88' lang='lat' dir='ltr'>modo:</span> <span class='ocrx_word' id='word_1_8' title='bbox 649 160 721 195; x_wconf 86' lang='lat' dir='ltr'>nae,</span> <span class='ocrx_word' id='word_1_9' title='bbox 750 147 862 185; x_wconf 89' lang='lat' dir='ltr'>illum</span> <span class='ocrx_word' id='word_1_10' title='bbox 891 150 1069 195; x_wconf 84' lang='lat' dir='ltr'>(ecastor)</span> <span class='ocrx_word' id='word_1_11' title='bbox 1088 147 1273 185; x_wconf 87' lang='lat' dir='ltr'>miserum</span> 
     </span>
     <span class='ocr_line' id='line_1_3' title="bbox 326 203 484 241; baseline -0.006 -1"><span class='ocrx_word' id='word_1_12' title='bbox 326 203 484 241; x_wconf 83' lang='lat' dir='ltr'>habebo.</span> 
     </span>
     <span class='ocr_line' id='line_1_4' title="bbox 479 253 939 303; baseline -0.004 -11"><span class='ocrx_word' id='word_1_13' title='bbox 479 257 624 292; x_wconf 77' lang='lat' dir='ltr'>Parus.</span> <span class='ocrx_word' id='word_1_14' title='bbox 643 254 730 303; x_wconf 87' lang='lat' dir='ltr'>Ego</span> <span class='ocrx_word' id='word_1_15' title='bbox 750 253 846 290; x_wconf 88' lang='lat' dir='ltr'>istuc</span> <span class='ocrx_word' id='word_1_16' title='bbox 864 253 939 290; x_wconf 88' lang='lat' dir='ltr'>scio</span> 
     </span>
     <span class='ocr_line' id='line_1_5' title="bbox 170 306 1145 358; baseline -0.004 -11"><span class='ocrx_word' id='word_1_17' title='bbox 170 310 234 347; x_wconf 85' lang='lat' dir='ltr'>Ita.</span> <span class='ocrx_word' id='word_1_18' title='bbox 251 308 332 347; x_wconf 91' lang='lat' dir='ltr'>fore</span> <span class='ocrx_word' id='word_1_19' title='bbox 348 308 420 356; x_wconf 83' lang='lat' dir='ltr'>illi,</span> <span class='ocrx_word' id='word_1_20' title='bbox 441 307 535 346; x_wconf 90' lang='lat' dir='ltr'>dum</span> <span class='ocrx_word' id='word_1_21' title='bbox 554 307 711 358; x_wconf 89' lang='lat' dir='ltr'>quidem</span> <span class='ocrx_word' id='word_1_22' title='bbox 730 319 817 344; x_wconf 84' lang='lat' dir='ltr'>curn</span> <span class='ocrx_word' id='word_1_23' title='bbox 836 306 902 344; x_wconf 91' lang='lat' dir='ltr'>illo</span> <span class='ocrx_word' id='word_1_24' title='bbox 922 313 1043 356; x_wconf 84' lang='lat' dir='ltr'>nupta</span> <span class='ocrx_word' id='word_1_25' title='bbox 1061 307 1145 343; x_wconf 87' lang='lat' dir='ltr'>eris.</span> 
     </span>
     <span class='ocr_line' id='line_1_6' title="bbox 782 359 1275 409; baseline -0.002 -12"><span class='ocrx_word' id='word_1_26' title='bbox 782 360 936 397; x_wconf 82' lang='lat' dir='ltr'><em>Artem.</em></span> <span class='ocrx_word' id='word_1_27' title='bbox 958 359 1046 409; x_wconf 87' lang='lat' dir='ltr'>Ego</span> <span class='ocrx_word' id='word_1_28' title='bbox 1066 370 1195 396; x_wconf 86' lang='lat' dir='ltr'>censeo</span> <span class='ocrx_word' id='word_1_29' title='bbox 1222 359 1275 396; x_wconf 83' lang='lat'>20</span> 
     </span>
     <span class='ocr_line' id='line_1_7' title="bbox 169 412 1278 462; baseline -0.005 -9"><span class='ocrx_word' id='word_1_30' title='bbox 169 416 274 453; x_wconf 88' lang='lat' dir='ltr'>Eum</span> <span class='ocrx_word' id='word_1_31' title='bbox 294 415 407 453; x_wconf 85' lang='lat' dir='ltr'>etiam</span> <span class='ocrx_word' id='word_1_32' title='bbox 425 413 620 452; x_wconf 86' lang='lat' dir='ltr'>hominem</span> <span class='ocrx_word' id='word_1_33' title='bbox 637 419 704 451; x_wconf 89' lang='lat' dir='ltr'>aut</span> <span class='ocrx_word' id='word_1_34' title='bbox 718 412 756 449; x_wconf 91' lang='lat' dir='ltr'>in</span> <span class='ocrx_word' id='word_1_35' title='bbox 774 419 906 450; x_wconf 90' lang='lat' dir='ltr'>senatu</span> <span class='ocrx_word' id='word_1_36' title='bbox 923 412 1010 449; x_wconf 82' lang='lat' dir='ltr'>dare</span> <span class='ocrx_word' id='word_1_37' title='bbox 1024 424 1192 462; x_wconf 85' lang='lat' dir='ltr'>operam,</span> <span class='ocrx_word' id='word_1_38' title='bbox 1212 419 1278 448; x_wconf 91' lang='lat' dir='ltr'>aut</span> 
     </span>
     <span class='ocr_line' id='line_1_8' title="bbox 330 468 554 511; baseline -0.009 -6"><span class='ocrx_word' id='word_1_39' title='bbox 330 468 554 511; x_wconf 74' lang='lat' dir='ltr'>clientibus3</span> 
     </span>
     <span class='ocr_line' id='line_1_9' title="bbox 171 520 1109 559; baseline -0.005 0"><span class='ocrx_word' id='word_1_40' title='bbox 171 521 234 559; x_wconf 93' lang='lat' dir='ltr'>Ibi</span> <span class='ocrx_word' id='word_1_41' title='bbox 252 522 378 559; x_wconf 90' lang='lat' dir='ltr'>labore</span> <span class='ocrx_word' id='word_1_42' title='bbox 396 520 623 558; x_wconf 86' lang='lat' dir='ltr'>delassatum</span> <span class='ocrx_word' id='word_1_43' title='bbox 643 526 791 556; x_wconf 89' lang='lat' dir='ltr'>noctem</span> <span class='ocrx_word' id='word_1_44' title='bbox 811 525 928 556; x_wconf 84' lang='lat' dir='ltr'>totam</span> <span class='ocrx_word' id='word_1_45' title='bbox 948 524 1109 555; x_wconf 84' lang='lat' dir='ltr'>stertere.</span> 
     </span>
     <span class='ocr_line' id='line_1_10' title="bbox 172 570 1169 625; baseline -0.004 -13"><span class='ocrx_word' id='word_1_46' title='bbox 172 575 258 618; x_wconf 89' lang='lat' dir='ltr'>Ille,</span> <span class='ocrx_word' id='word_1_47' title='bbox 280 587 391 625; x_wconf 88' lang='lat' dir='ltr'>opere</span> <span class='ocrx_word' id='word_1_48' title='bbox 407 573 497 611; x_wconf 86' lang='lat' dir='ltr'>foris</span> <span class='ocrx_word' id='word_1_49' title='bbox 516 572 694 610; x_wconf 81' lang='lat' dir='ltr'>faciundo</span> <span class='ocrx_word' id='word_1_50' title='bbox 711 572 845 618; x_wconf 83' lang='lat' dir='ltr'>lassus,</span> <span class='ocrx_word' id='word_1_51' title='bbox 865 578 978 608; x_wconf 87' lang='lat' dir='ltr'>noctu</span> <span class='ocrx_word' id='word_1_52' title='bbox 995 570 1169 608; x_wconf 88' lang='lat' dir='ltr'>advenit:</span> 
     </span>
     <span class='ocr_line' id='line_1_11' title="bbox 173 622 1281 669; baseline -0.003 -4"><span class='ocrx_word' id='word_1_53' title='bbox 173 627 355 665; x_wconf 73' lang='lat' dir='ltr'>fundum</span> <span class='ocrx_word' id='word_1_54' title='bbox 373 627 540 664; x_wconf 90' lang='lat' dir='ltr'>alienum</span> <span class='ocrx_word' id='word_1_55' title='bbox 558 633 662 669; x_wconf 78' lang='lat' dir='ltr'>arat3</span> <span class='ocrx_word' id='word_1_56' title='bbox 683 625 871 662; x_wconf 86' lang='lat' dir='ltr'>incultum</span> <span class='ocrx_word' id='word_1_57' title='bbox 887 623 1114 661; x_wconf 82' lang='lat' dir='ltr'><strong>familiarem</strong></span> <span class='ocrx_word' id='word_1_58' title='bbox 1133 622 1281 662; x_wconf 86' lang='lat' dir='ltr'>deserit.</span> 
     </span>
     <span class='ocr_line' id='line_1_12' title="bbox 172 677 1233 730; baseline -0.005 -12"><span class='ocrx_word' id='word_1_59' title='bbox 172 681 214 719; x_wconf 93' lang='lat' dir='ltr'>Is</span> <span class='ocrx_word' id='word_1_60' title='bbox 232 680 361 727; x_wconf 81' lang='lat' dir='ltr'>etiam,</span> <span class='ocrx_word' id='word_1_61' title='bbox 381 686 591 730; x_wconf 86' lang='lat' dir='ltr'>corruptus,</span> <span class='ocrx_word' id='word_1_62' title='bbox 610 691 721 729; x_wconf 90' lang='lat' dir='ltr'>porro</span> <span class='ocrx_word' id='word_1_63' title='bbox 739 690 852 715; x_wconf 89' lang='lat' dir='ltr'>suum</span> <span class='ocrx_word' id='word_1_64' title='bbox 872 677 1079 726; x_wconf 87' lang='lat' dir='ltr'>corrumpit</span> <span class='ocrx_word' id='word_1_65' title='bbox 1097 677 1233 714; x_wconf 91' lang='lat' dir='ltr'>filium.</span> 
     </span>
     <span class='ocr_line' id='line_1_13' title="bbox 174 729 1281 793; baseline -0.005 -22"><span class='ocrx_word' id='word_1_66' title='bbox 174 735 318 771; x_wconf 75' lang='lat' dir='ltr'>Parus.</span> <span class='ocrx_word' id='word_1_67' title='bbox 339 734 503 793; x_wconf 88' lang='lat' dir='ltr'>Sequere</span> <span class='ocrx_word' id='word_1_68' title='bbox 522 732 591 770; x_wconf 89' lang='lat' dir='ltr'><strong>hac</strong></span> <span class='ocrx_word' id='word_1_69' title='bbox 609 744 672 769; x_wconf 89' lang='lat' dir='ltr'>me</span> <span class='ocrx_word' id='word_1_70' title='bbox 690 730 828 768; x_wconf 89' lang='lat' dir='ltr'>modo:</span> <span class='ocrx_word' id='word_1_71' title='bbox 856 731 937 779; x_wconf 89' lang='lat' dir='ltr'><strong>jam</strong></span> <span class='ocrx_word' id='word_1_72' title='bbox 955 730 1074 767; x_wconf 82' lang='lat' dir='ltr'>faxo</span> <span class='ocrx_word' id='word_1_73' title='bbox 1063 743 1190 780; x_wconf 81' lang='lat' dir='ltr'>ipsum</span> <span class='ocrx_word' id='word_1_74' title='bbox 1212 729 1281 767; x_wconf 89' lang='lat' dir='ltr'>ho-</span> 
     </span>
     <span class='ocr_line' id='line_1_14' title="bbox 329 783 1280 834; baseline -0.004 -11"><span class='ocrx_word' id='word_1_75' title='bbox 329 786 474 823; x_wconf 89' lang='lat' dir='ltr'>minem</span> <span class='ocrx_word' id='word_1_76' title='bbox 491 785 692 822; x_wconf 86' lang='lat' dir='ltr'>manifesto</span> <span class='ocrx_word' id='word_1_77' title='bbox 709 783 914 834; x_wconf 84' lang='lat' dir='ltr'>opprimas.</span> <span class='ocrx_word' id='word_1_78' title='bbox 1227 783 1280 820; x_wconf 81' lang='lat'>26</span> 
     </span>
     <span class='ocr_line' id='line_1_15' title="bbox 173 836 1221 890; baseline -0.005 -12"><span class='ocrx_word' id='word_1_79' title='bbox 173 841 328 878; x_wconf 84' lang='lat' dir='ltr'><em>Artem.</em></span> <span class='ocrx_word' id='word_1_80' title='bbox 347 838 459 877; x_wconf 83' lang='lat' dir='ltr'>Nihil</span> <span class='ocrx_word' id='word_1_81' title='bbox 477 837 658 890; x_wconf 80' lang='lat' dir='ltr'>(ecastor)</span> <span class='ocrx_word' id='word_1_82' title='bbox 677 845 746 884; x_wconf 82' lang='lat' dir='ltr'>est,</span> <span class='ocrx_word' id='word_1_83' title='bbox 767 836 870 887; x_wconf 86' lang='lat' dir='ltr'>quod</span> <span class='ocrx_word' id='word_1_84' title='bbox 887 836 1008 874; x_wconf 86' lang='lat' dir='ltr'>facere</span> <span class='ocrx_word' id='word_1_85' title='bbox 1024 836 1221 874; x_wconf 77' lang='lat' dir='ltr'><strong>mavelim.</strong></span> 
     </span>
     <span class='ocr_line' id='line_1_16' title="bbox 764 889 1172 927; baseline 0 -1"><span class='ocrx_word' id='word_1_86' title='bbox 764 891 906 927; x_wconf 75' lang='lat' dir='ltr'><strong>Paras.</strong></span> <span class='ocrx_word' id='word_1_87' title='bbox 926 889 1047 927; x_wconf 86' lang='lat' dir='ltr'>Mane</span> <span class='ocrx_word' id='word_1_88' title='bbox 1066 889 1172 926; x_wconf 91' lang='lat' dir='ltr'>dum.</span> 
     </span>
     <span class='ocr_line' id='line_1_17' title="bbox 891 942 1279 989; baseline 0 -9"><span class='ocrx_word' id='word_1_89' title='bbox 891 943 1044 980; x_wconf 82' lang='lat' dir='ltr'>Artem.</span> <span class='ocrx_word' id='word_1_90' title='bbox 1064 942 1171 989; x_wconf 92' lang='lat' dir='ltr'><strong>Quid</strong></span> <span class='ocrx_word' id='word_1_91' title='bbox 1191 944 1279 980; x_wconf 66' lang='lat' dir='ltr'>e5t⁹</span> <span class='ocrx_word' id='word_1_92' title='bbox 1261 973 1270 980; x_wconf 93' lang='lat'>.</span> 
     </span>
     <span class='ocr_line' id='line_1_18' title="bbox 173 995 1282 1044; baseline -0.004 -7"><span class='ocrx_word' id='word_1_93' title='bbox 173 1000 319 1037; x_wconf 73' lang='lat' dir='ltr'>Paros.</span> <span class='ocrx_word' id='word_1_94' title='bbox 339 997 479 1044; x_wconf 60' lang='lat' dir='ltr'>Possis,</span> <span class='ocrx_word' id='word_1_95' title='bbox 498 996 529 1035; x_wconf 91' lang='lat' dir='ltr'>si</span> <span class='ocrx_word' id='word_1_96' title='bbox 547 996 643 1034; x_wconf 84' lang='lat' dir='ltr'>forte</span> <span class='ocrx_word' id='word_1_97' title='bbox 661 997 907 1034; x_wconf 82' lang='lat' dir='ltr'><strong>accubantem</strong></span> <span class='ocrx_word' id='word_1_98' title='bbox 924 1002 1036 1033; x_wconf 89' lang='lat' dir='ltr'>tuum</span> <span class='ocrx_word' id='word_1_99' title='bbox 1050 995 1176 1033; x_wconf 87' lang='lat' dir='ltr'>virum</span> <span class='ocrx_word' id='word_1_100' title='bbox 1194 1008 1282 1034; x_wconf 90' lang='lat' dir='ltr'>con-</span> 
     </span>
     <span class='ocr_line' id='line_1_19' title="bbox 333 1050 511 1102; baseline -0.006 -13"><span class='ocrx_word' id='word_1_101' title='bbox 333 1050 511 1102; x_wconf 81' lang='lat' dir='ltr'>spexeris,</span> 
     </span>
     <span class='ocr_line' id='line_1_20' title="bbox 174 1101 1284 1154; baseline -0.005 -11"><span class='ocrx_word' id='word_1_102' title='bbox 174 1105 276 1143; x_wconf 89' lang='lat' dir='ltr'>Cum</span> <span class='ocrx_word' id='word_1_103' title='bbox 295 1104 446 1150; x_wconf 60' lang='lat' dir='ltr'>corona,</span> <span class='ocrx_word' id='word_1_104' title='bbox 470 1103 695 1154; x_wconf 82' lang='lat' dir='ltr'>amplexum</span> <span class='ocrx_word' id='word_1_105' title='bbox 713 1102 891 1149; x_wconf 83' lang='lat' dir='ltr'><strong>amicam,</strong></span> <span class='ocrx_word' id='word_1_106' title='bbox 916 1101 948 1140; x_wconf 88' lang='lat' dir='ltr'>si</span> <span class='ocrx_word' id='word_1_107' title='bbox 966 1101 1107 1150; x_wconf 81' lang='lat' dir='ltr'>videas,</span> <span class='ocrx_word' id='word_1_108' title='bbox 1128 1114 1284 1153; x_wconf 81' lang='lat' dir='ltr'>cognos-</span> 
     </span>
     <span class='ocr_line' id='line_1_21' title="bbox 333 1160 445 1195; baseline 0 0"><span class='ocrx_word' id='word_1_109' title='bbox 333 1170 415 1195; x_wconf 88' lang='lat' dir='ltr'>cere</span> <span class='ocrx_word' id='word_1_110' title='bbox 428 1160 445 1195; x_wconf 75' lang='grc' dir='ltr'>’ἓ</span> 
     </span>
     <span class='ocr_line' id='line_1_22' title="bbox 172 1211 698 1256; baseline -0.002 -8"><span class='ocrx_word' id='word_1_111' title='bbox 172 1212 211 1248; x_wconf 85' lang='lat' dir='ltr'><em>A</em></span> <span class='ocrx_word' id='word_1_112' title='bbox 218 1217 329 1249; x_wconf 83' lang='lat' dir='ltr'>rtem.</span> <span class='ocrx_word' id='word_1_113' title='bbox 348 1211 526 1256; x_wconf 81' lang='lat' dir='ltr'>Possum,</span> <span class='ocrx_word' id='word_1_114' title='bbox 547 1216 698 1248; x_wconf 86' lang='lat' dir='ltr'>ecastor.</span> 
     </span>
     <span class='ocr_line' id='line_1_23' title="bbox 334 1262 928 1302; baseline -0.003 -1"><span class='ocrx_word' id='word_1_115' title='bbox 334 1265 477 1302; x_wconf 73' lang='lat' dir='ltr'>Paros.</span> <span class='ocrx_word' id='word_1_116' title='bbox 497 1264 603 1301; x_wconf 91' lang='lat' dir='ltr'>Hem</span> <span class='ocrx_word' id='word_1_117' title='bbox 620 1263 690 1301; x_wconf 89' lang='lat' dir='ltr'>tibi</span> <span class='ocrx_word' id='word_1_118' title='bbox 707 1262 928 1300; x_wconf 77' lang='lat' dir='ltr'>hominem!</span> 
     </span>
     <span class='ocr_line' id='line_1_24' title="bbox 548 1316 851 1355; baseline -0.007 -1"><span class='ocrx_word' id='word_1_119' title='bbox 548 1317 587 1355; x_wconf 82' lang='lat' dir='ltr'><em>A</em></span> <span class='ocrx_word' id='word_1_120' title='bbox 593 1321 702 1354; x_wconf 79' lang='lat' dir='ltr'>rtem</span> <span class='ocrx_word' id='word_1_121' title='bbox 723 1316 851 1353; x_wconf 83' lang='lat' dir='ltr'>Perii!</span> 
     </span>
     <span class='ocr_line' id='line_1_25' title="bbox 705 1367 1283 1419; baseline 0.002 -14"><span class='ocrx_word' id='word_1_122' title='bbox 705 1370 849 1406; x_wconf 72' lang='lat' dir='ltr'>Parus.</span> <span class='ocrx_word' id='word_1_123' title='bbox 871 1367 1070 1419; x_wconf 79' lang='lat' dir='ltr'>Paulisper</span> <span class='ocrx_word' id='word_1_124' title='bbox 1086 1380 1214 1406; x_wconf 86' lang='lat' dir='ltr'>mane.</span> <span class='ocrx_word' id='word_1_125' title='bbox 1230 1368 1283 1406; x_wconf 81' lang='lat'>30</span> 
     </span>
     <span class='ocr_line' id='line_1_26' title="bbox 171 1421 1284 1475; baseline -0.003 -13"><span class='ocrx_word' id='word_1_126' title='bbox 171 1424 423 1475; x_wconf 88' lang='lat' dir='ltr'>Aucupemus</span> <span class='ocrx_word' id='word_1_127' title='bbox 439 1437 487 1462; x_wconf 82' lang='lat' dir='ltr'>ex</span> <span class='ocrx_word' id='word_1_128' title='bbox 504 1422 649 1460; x_wconf 83' lang='lat' dir='ltr'>insidiis</span> <span class='ocrx_word' id='word_1_129' title='bbox 662 1421 894 1469; x_wconf 86' lang='lat' dir='ltr'>clanculum,</span> <span class='ocrx_word' id='word_1_130' title='bbox 911 1434 1028 1472; x_wconf 90' lang='lat' dir='ltr'><strong>quam</strong></span> <span class='ocrx_word' id='word_1_131' title='bbox 1044 1433 1125 1458; x_wconf 89' lang='lat' dir='ltr'>rem</span> <span class='ocrx_word' id='word_1_132' title='bbox 1136 1429 1284 1471; x_wconf 84' lang='lat' dir='ltr'>gerant.</span> 
     </span>
     <span class='ocr_line' id='line_1_27' title="bbox 172 1473 1161 1527; baseline -0.002 -13"><span class='ocrx_word' id='word_1_133' title='bbox 172 1478 211 1514; x_wconf 87' lang='lat' dir='ltr'><em>A</em></span> <span class='ocrx_word' id='word_1_134' title='bbox 217 1490 324 1527; x_wconf 69' lang='lat' dir='ltr'>rgyr</span> <span class='ocrx_word' id='word_1_135' title='bbox 348 1477 455 1524; x_wconf 86' lang='lat' dir='ltr'>Quid</span> <span class='ocrx_word' id='word_1_136' title='bbox 473 1475 593 1523; x_wconf 82' lang='lat' dir='ltr'>modi,</span> <span class='ocrx_word' id='word_1_137' title='bbox 613 1482 733 1526; x_wconf 84' lang='lat' dir='ltr'>pater,</span> <span class='ocrx_word' id='word_1_138' title='bbox 753 1473 998 1523; x_wconf 83' lang='lat' dir='ltr'>amplexandi</span> <span class='ocrx_word' id='word_1_139' title='bbox 1015 1473 1161 1512; x_wconf 83' lang='lat' dir='ltr'>facies?</span> 
     </span>
     <span class='ocr_line' id='line_1_28' title="bbox 716 1527 1282 1577; baseline 0.004 -13"><span class='ocrx_word' id='word_1_140' title='bbox 716 1530 896 1565; x_wconf 80' lang='lat' dir='ltr'>Demaen.</span> <span class='ocrx_word' id='word_1_141' title='bbox 911 1527 1062 1574; x_wconf 84' lang='lat' dir='ltr'>Fateor,</span> <span class='ocrx_word' id='word_1_142' title='bbox 1082 1535 1197 1577; x_wconf 86' lang='lat' dir='ltr'>gnate</span> <span class='ocrx_word' id='word_1_143' title='bbox 1213 1528 1282 1566; x_wconf 88' lang='lat' dir='ltr'>mi.</span> 
     </span>
     <span class='ocr_line' id='line_1_29' title="bbox 173 1580 610 1634; baseline -0.007 -13"><span class='ocrx_word' id='word_1_144' title='bbox 173 1584 324 1634; x_wconf 79' lang='lat' dir='ltr'>Argyr.</span> <span class='ocrx_word' id='word_1_145' title='bbox 341 1581 449 1630; x_wconf 88' lang='lat' dir='ltr'>Quid</span> <span class='ocrx_word' id='word_1_146' title='bbox 465 1580 610 1619; x_wconf 75' lang='lat' dir='ltr'>faoere⁹</span> 
     </span>
     <span class='ocr_line' id='line_1_30' title="bbox 429 1633 1283 1685; baseline 0 -13"><span class='ocrx_word' id='word_1_147' title='bbox 429 1637 606 1672; x_wconf 77' lang='lat' dir='ltr'>Demaen.</span> <span class='ocrx_word' id='word_1_148' title='bbox 626 1633 698 1672; x_wconf 87' lang='lat' dir='ltr'>Me</span> <span class='ocrx_word' id='word_1_149' title='bbox 716 1646 764 1671; x_wconf 79' lang='lat' dir='ltr'>ex</span> <span class='ocrx_word' id='word_1_150' title='bbox 782 1646 909 1671; x_wconf 87' lang='lat' dir='ltr'>amore</span> <span class='ocrx_word' id='word_1_151' title='bbox 927 1633 1045 1682; x_wconf 84' lang='lat' dir='ltr'>hujus</span> <span class='ocrx_word' id='word_1_152' title='bbox 1063 1641 1283 1685; x_wconf 85' lang='lat' dir='ltr'>corruptum</span> 
     </span>
     <span class='ocr_line' id='line_1_31' title="bbox 490 1686 642 1738; baseline -0.007 -13"><span class='ocrx_word' id='word_1_153' title='bbox 490 1686 642 1738; x_wconf 87' lang='lat' dir='ltr'>oppido.</span> 
     </span>
     <span class='ocr_line' id='line_1_32' title="bbox 174 1740 732 1791; baseline -0.007 -10"><span class='ocrx_word' id='word_1_154' title='bbox 174 1745 320 1781; x_wconf 78' lang='lat' dir='ltr'><strong>Paras.</strong></span> <span class='ocrx_word' id='word_1_155' title='bbox 341 1740 460 1779; x_wconf 86' lang='lat' dir='ltr'>Audi’</span> <span class='ocrx_word' id='word_1_156' title='bbox 462 1741 503 1777; x_wconf 89' lang='lat' dir='ltr'>n&#39;</span> <span class='ocrx_word' id='word_1_157' title='bbox 505 1769 517 1788; x_wconf 85' lang='lat'>‚</span> <span class='ocrx_word' id='word_1_158' title='bbox 537 1740 630 1791; x_wconf 88' lang='lat' dir='ltr'>quid</span> <span class='ocrx_word' id='word_1_159' title='bbox 649 1740 732 1778; x_wconf 83' lang='lat' dir='ltr'>ait?</span> 
     </span>
     <span class='ocr_line' id='line_1_33' title="bbox 375 1793 697 1833; baseline -0.01 0"><span class='ocrx_word' id='word_1_160' title='bbox 375 1796 531 1833; x_wconf 83' lang='lat' dir='ltr'>Artem.</span> <span class='ocrx_word' id='word_1_161' title='bbox 553 1793 697 1832; x_wconf 86' lang='lat' dir='ltr'>Audio.</span> 
     </span>
     <span class='ocr_line' id='line_1_34' title="bbox 429 1845 1283 1897; baseline 0.001 -12"><span class='ocrx_word' id='word_1_162' title='bbox 429 1850 605 1885; x_wconf 84' lang='lat' dir='ltr'>Demaen.</span> <span class='ocrx_word' id='word_1_163' title='bbox 624 1846 750 1897; x_wconf 89' lang='lat' dir='ltr'>Egon&#39;</span> <span class='ocrx_word' id='word_1_164' title='bbox 769 1853 814 1883; x_wconf 91' lang='lat' dir='ltr'>ut</span> <span class='ocrx_word' id='word_1_165' title='bbox 832 1858 906 1884; x_wconf 90' lang='lat' dir='ltr'>non</span> <span class='ocrx_word' id='word_1_166' title='bbox 927 1845 1040 1884; x_wconf 90' lang='lat' dir='ltr'>domo</span> <span class='ocrx_word' id='word_1_167' title='bbox 1059 1846 1170 1884; x_wconf 83' lang='lat' dir='ltr'>uxori</span> <span class='ocrx_word' id='word_1_168' title='bbox 1187 1859 1283 1886; x_wconf 82' lang='lat' dir='ltr'>meae</span> 
     </span>
     <span class='ocr_line' id='line_1_35' title="bbox 171 1899 1284 1953; baseline -0.002 -12"><span class='ocrx_word' id='word_1_169' title='bbox 171 1902 429 1953; x_wconf 77' lang='lat' dir='ltr'>surripiam,</span> <span class='ocrx_word' id='word_1_170' title='bbox 418 1914 459 1938; x_wconf 87' lang='lat' dir='ltr'><strong>m</strong></span> <span class='ocrx_word' id='word_1_171' title='bbox 478 1900 620 1939; x_wconf 86' lang='lat' dir='ltr'>deliciis</span> <span class='ocrx_word' id='word_1_172' title='bbox 636 1900 781 1952; x_wconf 87' lang='lat' dir='ltr'>pallam</span> <span class='ocrx_word' id='word_1_173' title='bbox 800 1912 917 1951; x_wconf 88' lang='lat' dir='ltr'><strong>quam</strong></span> <span class='ocrx_word' id='word_1_174' title='bbox 942 1899 1071 1948; x_wconf 85' lang='lat' dir='ltr'>habet,</span> <span class='ocrx_word' id='word_1_175' title='bbox 1100 1907 1216 1951; x_wconf 88' lang='lat' dir='ltr'>atque</span> <span class='ocrx_word' id='word_1_176' title='bbox 1233 1900 1284 1939; x_wconf 82' lang='lat' dir='ltr'>ad</span> 
     </span>
     <span class='ocr_line' id='line_1_36' title="bbox 329 1954 1278 1993; baseline -0.003 0"><span class='ocrx_word' id='word_1_177' title='bbox 329 1963 367 1993; x_wconf 90' lang='lat' dir='ltr'>te</span> <span class='ocrx_word' id='word_1_178' title='bbox 384 1954 574 1993; x_wconf 85' lang='lat' dir='ltr'>deferam.</span> <span class='ocrx_word' id='word_1_179' title='bbox 564 1956 582 1982; x_wconf 66' lang='lat'>‘³</span> <span class='ocrx_word' id='word_1_180' title='bbox 1225 1954 1278 1990; x_wconf 86' lang='lat'>35</span> 
     </span>
     <span class='ocr_line' id='line_1_37' title="bbox 163 2006 1208 2060; baseline -0.002 -14"><span class='ocrx_word' id='word_1_181' title='bbox 163 2008 264 2046; x_wconf 82' lang='lat' dir='ltr'>¹Non</span> <span class='ocrx_word' id='word_1_182' title='bbox 284 2008 452 2060; x_wconf 83' lang='lat' dir='ltr'>(edepol)</span> <span class='ocrx_word' id='word_1_183' title='bbox 474 2007 633 2046; x_wconf 86' lang='lat' dir='ltr'>conduci</span> <span class='ocrx_word' id='word_1_184' title='bbox 653 2019 809 2058; x_wconf 87' lang='lat' dir='ltr'>possum</span> <span class='ocrx_word' id='word_1_185' title='bbox 826 2006 905 2044; x_wconf 84' lang='lat' dir='ltr'>vita</span> <span class='ocrx_word' id='word_1_186' title='bbox 923 2006 1053 2045; x_wconf 82' lang='lat' dir='ltr'>uxoris</span> <span class='ocrx_word' id='word_1_187' title='bbox 1071 2019 1208 2044; x_wconf 87' lang='lat' dir='ltr'><strong>annua.</strong></span> 
     </span>
     <span class='ocr_line' id='line_1_38' title="bbox 170 2059 1281 2112; baseline -0.002 -12"><span class='ocrx_word' id='word_1_188' title='bbox 170 2063 314 2101; x_wconf 72' lang='lat' dir='ltr'>Parus.</span> <span class='ocrx_word' id='word_1_189' title='bbox 332 2062 466 2101; x_wconf 89' lang='lat' dir='ltr'>Cense’</span> <span class='ocrx_word' id='word_1_190' title='bbox 467 2060 507 2098; x_wconf 92' lang='lat' dir='ltr'>n’</span> <span class='ocrx_word' id='word_1_191' title='bbox 523 2068 565 2099; x_wconf 89' lang='lat' dir='ltr'>tu</span> <span class='ocrx_word' id='word_1_192' title='bbox 579 2061 691 2099; x_wconf 85' lang='lat' dir='ltr'>illum</span> <span class='ocrx_word' id='word_1_193' title='bbox 708 2060 822 2100; x_wconf 90' lang='lat' dir='ltr'>hodie</span> <span class='ocrx_word' id='word_1_194' title='bbox 834 2059 1005 2112; x_wconf 90' lang='lat' dir='ltr'>primum</span> <span class='ocrx_word' id='word_1_195' title='bbox 1018 2060 1074 2098; x_wconf 85' lang='lat' dir='ltr'>ire</span> <span class='ocrx_word' id='word_1_196' title='bbox 1087 2066 1281 2099; x_wconf 75' lang='lat' dir='ltr'>assuetum</span> 
     </span>
     <span class='ocr_line' id='line_1_39' title="bbox 328 2114 674 2166; baseline 0 -12"><span class='ocrx_word' id='word_1_197' title='bbox 328 2127 405 2154; x_wconf 56' lang='lat' dir='ltr'>esse</span> <span class='ocrx_word' id='word_1_198' title='bbox 423 2116 461 2154; x_wconf 87' lang='lat' dir='ltr'>in</span> <span class='ocrx_word' id='word_1_199' title='bbox 481 2114 674 2166; x_wconf 84' lang='lat' dir='ltr'>ganeum?</span> 
     </span>
    </p>
   </div>
  </div>
 </body>
</html>
