1412 2427
415 33 746 74 CAPTEIVEI.
777 34 861 73 111.
889 37 928 73 4.
1140 34 1219 73 249

114 142 239 191 Tynd-
261 142 353 180 Non
370 141 548 193 equidem
567 153 630 179 me
649 141 848 190 Liberum,
862 140 927 180 sed
947 140 1220 189 Philocratem,

269 208 346 234 esse
363 207 435 234 aio.

478 249 605 287 Arist.
632 246 740 295 Quid
758 249 844 286 est?
1167 249 1219 287 46

106 300 162 339 Ut
181 301 369 349 scelestus,
390 301 533 353 Hegio,
553 314 655 339 nunc
673 301 705 339 is
720 309 756 339 te
774 300 886 339 ludos
904 301 994 340 facit
1010 301 1021 339 !

106 354 211 392 Nam
235 354 267 394 is
289 364 344 394 est
363 369 490 394 servus
516 355 611 406 ipse,
641 367 778 406 neque,
807 362 944 406 praeter
961 368 1014 403 se,
1046 368 1218 407 unquam

271 409 304 447 ei
322 422 450 448 servus
467 409 553 449 fuit.

113 462 241 511 Tynd.
269 462 374 522 Quia
398 470 478 500 tute
503 462 582 513 ipse
601 474 685 512 eges
712 460 753 498 in
779 461 916 513 patria,
947 474 1016 501 nec
1039 462 1123 512 tibi,
1148 463 1218 514 qui

267 516 385 562 vivas,
405 516 508 554 domi
531 516 593 562 'st,

106 567 296 607 Omneis
285 569 444 606 inveniri
462 568 617 611 simileis
635 567 704 606 tibi
718 568 784 606 vis.
833 568 925 607 Non
943 569 1086 608 mirum
1100 569 1218 608 facis:

104 621 178 659 Est
195 622 434 671 miserorum,
454 630 498 660 ut
516 621 782 660 malevolentes
801 621 875 661 sint
893 629 1009 674 atque
1026 623 1221 662 invideant

268 676 388 713 bonis.
1168 677 1216 714 51

105 729 234 766 Arist.
263 728 404 780 Hegio,
431 729 516 767 vide
541 728 604 776 sis,
630 740 678 767 ne
695 727 789 780 quid
814 736 856 767 tu
882 728 972 768 huic
997 736 1136 769 temere
1160 730 1220 768 in-

265 782 374 820 sistas
394 782 552 820 credere.

106 835 253 886 Atque,
285 844 327 873 ut
358 836 556 887 perspicio,
587 835 754 886 profecto
784 836 866 885 jam
898 836 1045 889 aliquid
1079 849 1221 889 pugnae

271 888 389 926 edidit

108 941 254 980 Filium
284 950 395 980 tuum
426 942 529 993 quod
557 942 740 981 redimere
768 956 806 982 se
832 943 898 989 ait,
924 943 965 982 id
995 944 1220 995 neutiquam

268 995 364 1033 mihi
382 996 517 1046 placet.

115 1050 240 1098 Tynd.
260 1049 358 1095 Scio,
381 1056 416 1087 te
434 1049 474 1086 id
492 1049 593 1087 noue
612 1049 720 1088 fieri:
752 1049 911 1088 efficiam
930 1057 1058 1088 tamen
1077 1064 1146 1102 ego
1163 1050 1224 1097 id,

266 1102 297 1139 si
317 1077 384 1139 D'ii
403 1101 596 1151 adjuvant.
1167 1106 1218 1141 55

105 1155 226 1194 Illum
240 1156 436 1194 restituam
454 1155 567 1202 huic;
597 1156 659 1194 hic
677 1163 806 1195 autem
824 1155 865 1194 in
878 1156 1037 1194 Alidem
1054 1169 1118 1196 me
1133 1169 1220 1196 meo

295 1209 380 1247 atri.

107 1223 312 1315 Propter-{a
326 1261 374 1300 ad
392 1269 538 1314 patrem
556 1261 645 1301 hinc
665 1262 774 1302 amisi
792 1262 1034 1314 Tyndarum.

731 1318 859 1354 Arist.
879 1317 986 1364 Quin
1005 1324 1086 1356 tute
1103 1317 1135 1355 is
1153 1331 1191 1356 es
1205 1332 1217 1355 z

105 1370 259 1421 Neque,
289 1378 424 1421 praeter
454 1378 503 1418 te,
534 1369 574 1408 in
593 1369 711 1408 Alide
739 1370 843 1408 unus
873 1383 1001 1408 servus
1029 1371 1123 1410 istoc
1149 1384 1219 1410 no-

264 1436 368 1462 mme
388 1424 446 1461 'st.

112 1478 238 1527 Tynd.
258 1476 426 1527 Pergi’n'
447 1489 596 1514 servum
616 1489 679 1515 me
696 1479 922 1528 exprobrare
942 1489 1033 1525 esse,
1057 1476 1097 1515 id
1116 1477 1219 1529 quod

267 1531 305 1568 vi
322 1530 452 1568 hostili
474 1530 641 1581 obtigit?

106 1584 236 1622 Arist.
256 1584 492 1623 Enimvero
478 1597 560 1632 Jam
579 1596 724 1635 nequeo
739 1583 932 1622 contineri.

423 1638 547 1687 Tynd.
570 1637 705 1676 Heus!
736 1637 839 1676 audi'
841 1636 880 1674 n'
901 1636 995 1688 quid
1013 1637 1096 1676 ait?
1126 1637 1221 1689 quin

107 1745 203 1783 Jam
235 1743 314 1782 illie
342 1743 407 1783 hic
435 1755 504 1783 nos
533 1690 732 1782 ἰἝὲἐοὸιΞῦἰι
763 1743 968 1796 lapidibus,
1000 1744 1074 1783 nisi
1107 1691 1221 1782 mg)

107 1798 400 1902 Οοωριέἕέιῗι.

240 1905 370 1941 Arist.
390 1903 560 1943 crucior.

344 1958 471 2007 Tynd.
490 1957 641 1995 Ardent
658 1958 780 1996 oculi:
810 1957 902 1996 fune
919 1959 1060 2011 opu'st,
1078 1958 1216 2008 Hegio.

106 2009 261 2049 Vide'n’
277 2018 320 2049 tu
332 2010 390 2048 illi
405 2010 588 2048 maculari
602 2023 738 2061 corpus
750 2019 877 2051 tntum
885 2012 1044 2052 maculis
1057 2011 1192 2050 luridis
1202 2010 1220 2046 '3

104 2064 206 2102 Atra
224 2064 313 2103 bilis
332 2064 454 2115 agitat
470 2063 678 2102 hominem.

386 2118 514 2156 Arist.
538 2117 595 2156 At
616 2116 728 2169 (pol)
748 2128 799 2165 te,
820 2118 851 2156 si
867 2117 930 2157 hic
947 2117 1069 2170 sapiat
1088 2129 1223 2164 senex¹
