1412 2427
168 35 248 72 246
475 31 807 72 CAPTEIVEI.
837 30 922 70 ΙΙΙ.
950 33 989 69 4.

174 139 315 180 Omnis
333 152 392 178 res
410 139 538 190 palam
551 140 600 178 'st
612 153 624 177 ε
654 151 778 190 neque
795 139 843 178 de
859 139 931 178 hac
948 151 989 176 re
1006 137 1202 188 negotium
1216 136 1281 186 ‘st‚

331 193 424 244 quin
442 193 543 231 male
1232 191 1281 229 10

172 245 372 293 Occidam,
387 254 641 298 oppetamque
654 252 813 297 pestem,
833 245 916 284 heri
929 245 1048 283 vicem
1066 256 1282 296 meamque.

172 299 342 338 Perdidit
359 312 421 337 me
434 299 726 349 Aristophontes
743 299 818 344 hie,
839 299 906 350 qui
924 299 1023 336 intro
1037 298 1139 336 venit
1156 297 1284 336 modo.

172 354 213 392 Is
231 367 293 391 me
312 353 438 391 novit:
470 353 501 390 is
519 352 656 390 sodalis
676 352 879 390 Philocrati
897 361 934 390 et
951 359 1133 402 cognatus
1151 358 1216 388 est.

173 407 312 458 Neque
337 407 416 455 jam
448 406 559 444 Salus
587 418 745 452 servare,
775 405 805 443 si
828 405 919 452 volt,
945 417 1008 442 me
1034 411 1185 455 potest;
1214 415 1283 442 nec

407 461 413 466 '
459 460 505 497 'st

171 512 259 551 Nisi
278 512 308 550 si
327 472 494 564 {ligitaam
509 487 621 550 'corde
640 511 834 549 machinor
852 511 1042 549 astutiam.
1235 510 1284 547 15

169 566 299 614 Quam
312 567 490 658 &malum
504 567 512 603 Ξ
536 565 627 616 quid
643 565 862 603 machiner?
883 565 977 617 quid
990 563 1251 604 comminiscar
1264 565 1282 602 ἓ

329 640 344 657 1
380 632 539 658 axumas

171 673 308 724 Nugas
325 673 559 724 ineptiasque
577 671 765 724 incipisso.
825 672 976 711 Haereo.

403 832 589 873 ACTUS
619 833 702 871 III.
759 832 945 872 SCENA
974 832 1050 870 IV.

254 941 420 979 Hecro.
467 939 744 977 TYNDARUS.
786 938 1196 978 Amsropnonrsss.

174 1049 222 1086 H
223 1060 281 1097 eg.
310 1046 401 1093 Quo
419 1045 530 1083 illum
548 1057 649 1084 nunc
668 1045 862 1084 hominem
881 1044 1110 1096 proripuisse
1127 1045 1225 1086 foras
1244 1059 1283 1085 se

332 1099 455 1138 dicam
475 1112 522 1137 ex
542 1099 685 1137 aedibus
703 1101 720 1137 Ρ

179 1155 303 1204 Tynd.
327 1154 442 1191 Nunc
455 1153 555 1190 enim
571 1165 658 1190 vero
670 1165 738 1203 ego
750 1152 867 1191 occidi
881 1167 891 1190 :
923 1159 1014 1190 eunt
1028 1151 1077 1190 ad
1091 1159 1128 1190 te
1140 1151 1281 1202 hostoe,

332 1206 524 1257 Tyndare.
579 1205 687 1252 Quid
705 1206 840 1257 loquar
855 1208 871 1244 Ρ

173 1260 281 1309 Quid
305 1259 531 1298 fabulabor?
563 1259 656 1310 quid
688 1261 865 1310 negabo?
899 1265 965 1296 aut
992 1258 1085 1310 quid
1109 1259 1282 1305 fatebor?

333 1313 429 1351 mihi

170 1369 250 1406 Res
268 1367 392 1405 omnis
414 1368 453 1404 in
481 1367 620 1405 incerto
638 1366 709 1404 sita
728 1367 786 1404 'st-
842 1365 951 1414 Quid
968 1367 1079 1405 rebus
1097 1366 1283 1405 confidam

330 1421 424 1458 meis
439 1423 455 1458 Ρ

170 1475 330 1514 Utinam
350 1482 386 1511 te
406 1474 474 1511 Dii
497 1473 603 1524 prius
630 1472 840 1524 perderent,
860 1485 977 1523 quam
1004 1473 1150 1523 periisti
1168 1486 1188 1511 e
1210 1486 1279 1525 pa-

332 1527 404 1565 tria
424 1528 505 1574 tua,
1253 1529 1277 1563 5

170 1580 476 1670 Aristoplfiontae,
497 1579 578 1630 qui,
595 1591 641 1617 ex
660 1579 792 1630 parata
810 1592 864 1628 re,
885 1579 1111 1629 imparatam
1129 1591 1283 1618 omnem

153 1665 159 1676 „
351 1647 436 1671 acis.

170 1687 306 1726 Occisa
320 1694 375 1724 est
393 1687 473 1747 haejc
487 1699 558 1734 res,
574 1685 647 1724 nisi
664 1685 807 1736 reperio
821 1693 985 1724 atrocem
1002 1685 1100 1725 mihi
1113 1685 1283 1737 aliquam

333 1748 524 1777 astunam.

171 1795 278 1844 Heg.
299 1794 485 1844 Sequere:
516 1793 604 1830 hem
623 1793 693 1830 tibi
710 1793 926 1831 hominem:
959 1792 1036 1841 adi,
1056 1799 1171 1844 atque
1188 1792 1284 1831 allo-

331 1860 457 1897 quere.

336 1902 459 1949 Tynd.
479 1900 578 1948 Quis
592 1900 708 1938 homo
723 1901 771 1938 ’st
788 1912 850 1937 me
863 1898 1065 1937 hominum
1083 1899 1280 1937 miserior?

170 1955 301 1993 Arist.
327 1953 434 2001 Quid
460 1954 557 1991 istuc
575 1962 643 2001 est,
664 1954 767 2004 quod
792 1966 897 1992 meos
915 1961 953 1992 te
971 1952 1096 1991 dicam
1117 1952 1282 2003 fugitare

330 2007 471 2054 oculos,
494 2007 702 2058 Tyndare?

172 2061 324 2113 Proque
351 2060 481 2111 ignoto
505 2073 568 2099 me
596 2059 828 2112 adspernari,
859 2060 968 2112 quasi
992 2072 1055 2098 me
1081 2071 1281 2149 nunqualm

332 2113 505 2152 noveris?
1256 2113 1283 2151 θ
