<?xml version="1.0" encoding="UTF-8"?>
<!DOCTYPE html PUBLIC "-//W3C//DTD XHTML 1.0 Transitional//EN"
    "http://www.w3.org/TR/xhtml1/DTD/xhtml1-transitional.dtd">
<html xmlns="http://www.w3.org/1999/xhtml" xml:lang="en" lang="en">
 <head>
  <title>
</title>
<meta http-equiv="Content-Type" content="text/html;charset=utf-8" />
  <meta name='ocr-system' content='tesseract 3.04.00' />
  <meta name='ocr-capabilities' content='ocr_page ocr_carea ocr_par ocr_line ocrx_word'/>
</head>
<body>
  <div class='ocr_page' id='page_1' title='image "./comoediaesupers01plauuoft_0212.png"; bbox 0 0 1412 2427; ppageno 0'>
   <div class='ocr_carea' id='block_1_1' title="bbox 182 29 989 74">
    <p class='ocr_par' dir='ltr' id='par_1_1' title="bbox 182 29 989 74">
     <span class='ocr_line' id='line_1_1' title="bbox 182 29 989 74; baseline -0.001 -6"><span class='ocrx_word' id='word_1_1' title='bbox 182 31 260 69; x_wconf 81' lang='grc'>204</span> <span class='ocrx_word' id='word_1_2' title='bbox 477 29 815 70; x_wconf 85' lang='lat' dir='ltr'>BACCHIDES.</span> <span class='ocrx_word' id='word_1_3' title='bbox 847 29 921 69; x_wconf 92' lang='lat' dir='ltr'>IV.</span> <span class='ocrx_word' id='word_1_4' title='bbox 951 31 989 74; x_wconf 89' lang='lat'>7.</span> 
     </span>
    </p>
   </div>
   <div class='ocr_carea' id='block_1_2' title="bbox 183 135 1312 2217">
    <p class='ocr_par' dir='ltr' id='par_1_2' title="bbox 183 135 1312 2217">
     <span class='ocr_line' id='line_1_2' title="bbox 183 135 1293 188; baseline 0 -14"><span class='ocrx_word' id='word_1_5' title='bbox 183 136 302 175; x_wconf 89' lang='lat' dir='ltr'>Hunc</span> <span class='ocrx_word' id='word_1_6' title='bbox 321 136 352 175; x_wconf 87' lang='lat' dir='ltr'>si</span> <span class='ocrx_word' id='word_1_7' title='bbox 370 136 472 176; x_wconf 81' lang='lat' dir='ltr'>ullus</span> <span class='ocrx_word' id='word_1_8' title='bbox 491 138 598 176; x_wconf 86' lang='lat' dir='ltr'>Deus</span> <span class='ocrx_word' id='word_1_9' title='bbox 616 144 772 184; x_wconf 86' lang='lat' dir='ltr'>amaret,</span> <span class='ocrx_word' id='word_1_10' title='bbox 793 137 880 188; x_wconf 89' lang='lat' dir='ltr'>plus</span> <span class='ocrx_word' id='word_1_11' title='bbox 898 136 1006 175; x_wconf 85' lang='lat' dir='ltr'>annis</span> <span class='ocrx_word' id='word_1_12' title='bbox 1024 135 1168 183; x_wconf 86' lang='lat' dir='ltr'>decem,</span> <span class='ocrx_word' id='word_1_13' title='bbox 1241 138 1293 174; x_wconf 83' lang='lat'>20</span> 
     </span>
     <span class='ocr_line' id='line_1_3' title="bbox 185 189 1070 242; baseline 0 -15"><span class='ocrx_word' id='word_1_14' title='bbox 185 190 280 228; x_wconf 90' lang='lat' dir='ltr'>Plus</span> <span class='ocrx_word' id='word_1_15' title='bbox 295 192 377 240; x_wconf 88' lang='lat' dir='ltr'>jam</span> <span class='ocrx_word' id='word_1_16' title='bbox 397 191 544 242; x_wconf 85' lang='lat' dir='ltr'>viginti,</span> <span class='ocrx_word' id='word_1_17' title='bbox 564 199 760 229; x_wconf 90' lang='lat' dir='ltr'>mortuum</span> <span class='ocrx_word' id='word_1_18' title='bbox 780 202 859 228; x_wconf 90' lang='lat' dir='ltr'>esse</span> <span class='ocrx_word' id='word_1_19' title='bbox 877 189 1043 241; x_wconf 88' lang='lat' dir='ltr'>oportuit</span> <span class='ocrx_word' id='word_1_20' title='bbox 1058 204 1070 227; x_wconf 71' lang='lat' dir='ltr'>e</span> 
     </span>
     <span class='ocr_line' id='line_1_4' title="bbox 190 243 1053 294; baseline -0.001 -14"><span class='ocrx_word' id='word_1_21' title='bbox 190 243 320 281; x_wconf 89' lang='lat' dir='ltr'>Terrae</span> <span class='ocrx_word' id='word_1_22' title='bbox 338 243 467 282; x_wconf 89' lang='lat' dir='ltr'>odium</span> <span class='ocrx_word' id='word_1_23' title='bbox 486 245 669 282; x_wconf 88' lang='lat' dir='ltr'>ambulat.</span> <span class='ocrx_word' id='word_1_24' title='bbox 713 244 741 281; x_wconf 88' lang='lat' dir='ltr'><strong>J</strong></span> <span class='ocrx_word' id='word_1_25' title='bbox 744 255 806 280; x_wconf 90' lang='lat' dir='ltr'>am</span> <span class='ocrx_word' id='word_1_26' title='bbox 826 243 922 281; x_wconf 83' lang='lat' dir='ltr'>nihil</span> <span class='ocrx_word' id='word_1_27' title='bbox 941 243 1053 294; x_wconf 83' lang='lat' dir='ltr'>sapit,</span> 
     </span>
     <span class='ocr_line' id='line_1_5' title="bbox 186 295 1187 348; baseline 0 -14"><span class='ocrx_word' id='word_1_28' title='bbox 186 297 270 334; x_wconf 88' lang='lat' dir='ltr'>Nec</span> <span class='ocrx_word' id='word_1_29' title='bbox 287 297 421 335; x_wconf 78' lang='lat' dir='ltr'><strong>sentit:</strong></span> <span class='ocrx_word' id='word_1_30' title='bbox 451 298 547 335; x_wconf 88' lang='lat' dir='ltr'>tanti</span> <span class='ocrx_word' id='word_1_31' title='bbox 559 298 620 345; x_wconf 89' lang='lat' dir='ltr'>&#39;st‚</span> <span class='ocrx_word' id='word_1_32' title='bbox 640 297 773 348; x_wconf 89' lang='lat' dir='ltr'>quanti</span> <span class='ocrx_word' id='word_1_33' title='bbox 794 296 841 334; x_wconf 86' lang='lat' dir='ltr'>&#39;st</span> <span class='ocrx_word' id='word_1_34' title='bbox 858 296 1001 346; x_wconf 87' lang='lat' dir='ltr'>fungus</span> <span class='ocrx_word' id='word_1_35' title='bbox 1018 295 1187 345; x_wconf 86' lang='lat' dir='ltr'>putidus.</span> 
     </span>
     <span class='ocr_line' id='line_1_6' title="bbox 187 348 1294 389; baseline 0.001 -2"><span class='ocrx_word' id='word_1_36' title='bbox 187 352 287 387; x_wconf 78' lang='lat' dir='ltr'>Nic.</span> <span class='ocrx_word' id='word_1_37' title='bbox 315 349 420 388; x_wconf 79' lang='lat' dir='ltr'>Tun&#39;</span> <span class='ocrx_word' id='word_1_38' title='bbox 442 358 546 389; x_wconf 88' lang='lat' dir='ltr'>terrae</span> <span class='ocrx_word' id='word_1_39' title='bbox 563 363 625 388; x_wconf 89' lang='lat' dir='ltr'>me</span> <span class='ocrx_word' id='word_1_40' title='bbox 643 349 774 388; x_wconf 87' lang='lat' dir='ltr'>odium</span> <span class='ocrx_word' id='word_1_41' title='bbox 793 362 870 387; x_wconf 88' lang='lat' dir='ltr'>esse</span> <span class='ocrx_word' id='word_1_42' title='bbox 888 348 1092 387; x_wconf 78' lang='lat' dir='ltr'><strong>autumas?</strong></span> <span class='ocrx_word' id='word_1_43' title='bbox 1120 349 1294 388; x_wconf 88' lang='lat' dir='ltr'>abducite</span> 
     </span>
     <span class='ocr_line' id='line_1_7' title="bbox 346 403 449 441; baseline 0 0"><span class='ocrx_word' id='word_1_44' title='bbox 346 403 449 441; x_wconf 88' lang='lat' dir='ltr'>hunc</span> 
     </span>
     <span class='ocr_line' id='line_1_8' title="bbox 187 454 1294 507; baseline -0.002 -13"><span class='ocrx_word' id='word_1_45' title='bbox 187 457 308 503; x_wconf 79' lang='lat' dir='ltr'>Intro,</span> <span class='ocrx_word' id='word_1_46' title='bbox 329 464 442 507; x_wconf 81' lang='lat' dir='ltr'>atque</span> <span class='ocrx_word' id='word_1_47' title='bbox 460 456 680 507; x_wconf 81' lang='lat' dir='ltr'>adstringite</span> <span class='ocrx_word' id='word_1_48' title='bbox 698 455 746 493; x_wconf 86' lang='lat' dir='ltr'>ad</span> <span class='ocrx_word' id='word_1_49' title='bbox 765 456 982 494; x_wconf 89' lang='lat' dir='ltr'>columnam</span> <span class='ocrx_word' id='word_1_50' title='bbox 1001 454 1158 493; x_wconf 87' lang='lat' dir='ltr'>fortiter.</span> <span class='ocrx_word' id='word_1_51' title='bbox 1243 457 1294 493; x_wconf 84' lang='lat'>25</span> 
     </span>
     <span class='ocr_line' id='line_1_9' title="bbox 186 509 839 561; baseline -0.005 -13"><span class='ocrx_word' id='word_1_52' title='bbox 186 510 401 561; x_wconf 89' lang='lat' dir='ltr'><strong>Nunquam</strong></span> <span class='ocrx_word' id='word_1_53' title='bbox 419 509 564 548; x_wconf 87' lang='lat' dir='ltr'>auferes</span> <span class='ocrx_word' id='word_1_54' title='bbox 582 510 671 548; x_wconf 87' lang='lat' dir='ltr'>hinc</span> <span class='ocrx_word' id='word_1_55' title='bbox 689 521 839 546; x_wconf 89' lang='lat' dir='ltr'>aurum.</span> 
     </span>
     <span class='ocr_line' id='line_1_10' title="bbox 697 560 1296 612; baseline -0.003 -11"><span class='ocrx_word' id='word_1_56' title='bbox 697 563 791 601; x_wconf 90' lang='lat' dir='ltr'>Chr.</span> <span class='ocrx_word' id='word_1_57' title='bbox 818 560 943 612; x_wconf 88' lang='lat' dir='ltr'><strong>Atqui</strong></span> <span class='ocrx_word' id='word_1_58' title='bbox 960 560 1062 599; x_wconf 87' lang='lat' dir='ltr'>ultro</span> <span class='ocrx_word' id='word_1_59' title='bbox 1076 562 1158 610; x_wconf 85' lang='lat' dir='ltr'>jam</span> <span class='ocrx_word' id='word_1_60' title='bbox 1177 561 1296 599; x_wconf 85' lang='lat' dir='ltr'>dabis.</span> 
     </span>
     <span class='ocr_line' id='line_1_11' title="bbox 189 615 466 655; baseline -0.004 -1"><span class='ocrx_word' id='word_1_61' title='bbox 189 617 288 654; x_wconf 82' lang='lat' dir='ltr'>Nic.</span> <span class='ocrx_word' id='word_1_62' title='bbox 322 615 466 655; x_wconf 80' lang='lat' dir='ltr'>Dabo?</span> 
     </span>
     <span class='ocr_line' id='line_1_12' title="bbox 458 666 1296 720; baseline -0.002 -12"><span class='ocrx_word' id='word_1_63' title='bbox 458 670 513 709; x_wconf 87' lang='lat' dir='ltr'>Ch</span> <span class='ocrx_word' id='word_1_64' title='bbox 521 683 552 707; x_wconf 91' lang='lat' dir='ltr'>r.</span> <span class='ocrx_word' id='word_1_65' title='bbox 583 669 716 720; x_wconf 86' lang='lat' dir='ltr'><strong>Atque</strong></span> <span class='ocrx_word' id='word_1_66' title='bbox 744 668 867 708; x_wconf 87' lang='lat' dir='ltr'>orabis</span> <span class='ocrx_word' id='word_1_67' title='bbox 899 680 962 706; x_wconf 88' lang='lat' dir='ltr'>me</span> <span class='ocrx_word' id='word_1_68' title='bbox 994 666 1150 718; x_wconf 89' lang='lat' dir='ltr'>quidem</span> <span class='ocrx_word' id='word_1_69' title='bbox 1182 668 1296 716; x_wconf 88' lang='lat' dir='ltr'>ultro,</span> 
     </span>
     <span class='ocr_line' id='line_1_13' title="bbox 564 723 820 768; baseline 0.004 -9"><span class='ocrx_word' id='word_1_70' title='bbox 564 732 607 760; x_wconf 88' lang='lat' dir='ltr'>ut</span> <span class='ocrx_word' id='word_1_71' title='bbox 625 723 794 761; x_wconf 84' lang='lat' dir='ltr'><strong>auferam</strong></span> <span class='ocrx_word' id='word_1_72' title='bbox 809 737 820 768; x_wconf 92' lang='lat'>;</span> 
     </span>
     <span class='ocr_line' id='line_1_14' title="bbox 189 776 1096 825; baseline -0.004 -10"><span class='ocrx_word' id='word_1_73' title='bbox 189 777 320 825; x_wconf 86' lang='lat' dir='ltr'>Quom</span> <span class='ocrx_word' id='word_1_74' title='bbox 338 776 449 814; x_wconf 85' lang='lat' dir='ltr'>illum</span> <span class='ocrx_word' id='word_1_75' title='bbox 469 776 637 815; x_wconf 84' lang='lat' dir='ltr'>rescisces</span> <span class='ocrx_word' id='word_1_76' title='bbox 655 776 932 813; x_wconf 81' lang='lat' dir='ltr'>criminatorem</span> <span class='ocrx_word' id='word_1_77' title='bbox 950 787 1096 819; x_wconf 87' lang='lat' dir='ltr'>meum,</span> 
     </span>
     <span class='ocr_line' id='line_1_15' title="bbox 188 827 1170 880; baseline -0.003 -12"><span class='ocrx_word' id='word_1_78' title='bbox 188 831 344 878; x_wconf 86' lang='lat' dir='ltr'>Quanto</span> <span class='ocrx_word' id='word_1_79' title='bbox 362 830 402 867; x_wconf 89' lang='lat' dir='ltr'>in</span> <span class='ocrx_word' id='word_1_80' title='bbox 421 829 601 880; x_wconf 79' lang='lat' dir='ltr'>periculo,</span> <span class='ocrx_word' id='word_1_81' title='bbox 622 837 658 866; x_wconf 93' lang='lat' dir='ltr'>et</span> <span class='ocrx_word' id='word_1_82' title='bbox 676 829 819 880; x_wconf 64' lang='lat' dir='ltr'>quanta</span> <span class='ocrx_word' id='word_1_83' title='bbox 839 829 877 865; x_wconf 91' lang='lat' dir='ltr'>in</span> <span class='ocrx_word' id='word_1_84' title='bbox 896 828 1058 878; x_wconf 86' lang='lat' dir='ltr'>pernicie</span> <span class='ocrx_word' id='word_1_85' title='bbox 1077 827 1170 865; x_wconf 85' lang='lat' dir='ltr'>siet:</span> 
     </span>
     <span class='ocr_line' id='line_1_16' title="bbox 190 882 1298 932; baseline -0.001 -11"><span class='ocrx_word' id='word_1_86' title='bbox 190 884 297 921; x_wconf 87' lang='lat' dir='ltr'>Tum</span> <span class='ocrx_word' id='word_1_87' title='bbox 315 884 527 921; x_wconf 86' lang='lat' dir='ltr'>libertatem</span> <span class='ocrx_word' id='word_1_88' title='bbox 548 883 732 932; x_wconf 79' lang='lat' dir='ltr'>Chrysalo</span> <span class='ocrx_word' id='word_1_89' title='bbox 745 883 929 932; x_wconf 87' lang='lat' dir='ltr'>largibere</span> <span class='ocrx_word' id='word_1_90' title='bbox 945 896 955 919; x_wconf 72' lang='grc' dir='ltr'><strong>ε</strong></span> <span class='ocrx_word' id='word_1_91' title='bbox 1246 882 1298 920; x_wconf 91' lang='grc'>30</span> 
     </span>
     <span class='ocr_line' id='line_1_17' title="bbox 187 935 819 988; baseline -0.005 -13"><span class='ocrx_word' id='word_1_92' title='bbox 187 937 274 988; x_wconf 91' lang='lat' dir='ltr'>Ego</span> <span class='ocrx_word' id='word_1_93' title='bbox 296 936 388 974; x_wconf 90' lang='lat' dir='ltr'>adeo</span> <span class='ocrx_word' id='word_1_94' title='bbox 407 948 605 987; x_wconf 87' lang='lat' dir='ltr'>nunquam</span> <span class='ocrx_word' id='word_1_95' title='bbox 624 935 819 986; x_wconf 83' lang='lat' dir='ltr'>accipiam.</span> 
     </span>
     <span class='ocr_line' id='line_1_18' title="bbox 731 987 1298 1040; baseline 0.002 -14"><span class='ocrx_word' id='word_1_96' title='bbox 731 990 783 1026; x_wconf 94' lang='lat' dir='ltr'><em>N</em></span> <span class='ocrx_word' id='word_1_97' title='bbox 783 990 830 1025; x_wconf 77' lang='lat' dir='ltr'>ic.</span> <span class='ocrx_word' id='word_1_98' title='bbox 860 987 948 1033; x_wconf 80' lang='lat' dir='ltr'>Dic,</span> <span class='ocrx_word' id='word_1_99' title='bbox 969 989 1151 1026; x_wconf 89' lang='lat' dir='ltr'>scelerum</span> <span class='ocrx_word' id='word_1_100' title='bbox 1171 996 1298 1040; x_wconf 81' lang='lat' dir='ltr'>caput,</span> 
     </span>
     <span class='ocr_line' id='line_1_19' title="bbox 189 1041 1252 1094; baseline 0 -13"><span class='ocrx_word' id='word_1_101' title='bbox 189 1042 278 1089; x_wconf 84' lang='lat' dir='ltr'>Dic,</span> <span class='ocrx_word' id='word_1_102' title='bbox 300 1056 375 1094; x_wconf 91' lang='lat' dir='ltr'>quo</span> <span class='ocrx_word' id='word_1_103' title='bbox 394 1042 432 1079; x_wconf 87' lang='lat' dir='ltr'>in</span> <span class='ocrx_word' id='word_1_104' title='bbox 453 1041 620 1093; x_wconf 90' lang='lat' dir='ltr'>periculo</span> <span class='ocrx_word' id='word_1_105' title='bbox 639 1048 694 1078; x_wconf 90' lang='lat' dir='ltr'>est</span> <span class='ocrx_word' id='word_1_106' title='bbox 711 1054 819 1079; x_wconf 87' lang='lat' dir='ltr'>meus</span> <span class='ocrx_word' id='word_1_107' title='bbox 839 1042 1100 1080; x_wconf 86' lang='lat' dir='ltr'>Mnesilochus</span> <span class='ocrx_word' id='word_1_108' title='bbox 1118 1042 1218 1080; x_wconf 89' lang='lat' dir='ltr'>filius</span> <span class='ocrx_word' id='word_1_109' title='bbox 1234 1044 1252 1081; x_wconf 72' lang='grc' dir='ltr'><strong><em>ἓ</em></strong></span> 
     </span>
     <span class='ocr_line' id='line_1_20' title="bbox 195 1095 1020 1147; baseline -0.002 -13"><span class='ocrx_word' id='word_1_110' title='bbox 195 1098 293 1135; x_wconf 86' lang='lat' dir='ltr'>Chr.</span> <span class='ocrx_word' id='word_1_111' title='bbox 319 1097 483 1147; x_wconf 88' lang='lat' dir='ltr'>Sequere</span> <span class='ocrx_word' id='word_1_112' title='bbox 502 1096 573 1133; x_wconf 91' lang='lat' dir='ltr'>hac</span> <span class='ocrx_word' id='word_1_113' title='bbox 592 1108 682 1139; x_wconf 77' lang='lat' dir='ltr'>me3</span> <span class='ocrx_word' id='word_1_114' title='bbox 711 1095 800 1133; x_wconf 80' lang='lat' dir='ltr'>faxo</span> <span class='ocrx_word' id='word_1_115' title='bbox 816 1096 898 1144; x_wconf 85' lang='lat' dir='ltr'>jam</span> <span class='ocrx_word' id='word_1_116' title='bbox 918 1095 1020 1133; x_wconf 88' lang='lat' dir='ltr'>scies.</span> 
     </span>
     <span class='ocr_line' id='line_1_21' title="bbox 856 1148 1299 1201; baseline 0.005 -15"><span class='ocrx_word' id='word_1_117' title='bbox 856 1150 908 1186; x_wconf 92' lang='lat' dir='ltr'><em>N</em></span> <span class='ocrx_word' id='word_1_118' title='bbox 909 1149 954 1186; x_wconf 77' lang='grc' dir='ltr'>ἱε.</span> <span class='ocrx_word' id='word_1_119' title='bbox 982 1148 1073 1196; x_wconf 88' lang='lat' dir='ltr'>Quo</span> <span class='ocrx_word' id='word_1_120' title='bbox 1090 1149 1263 1201; x_wconf 89' lang='lat' dir='ltr'>gentium</span> <span class='ocrx_word' id='word_1_121' title='bbox 1281 1152 1299 1188; x_wconf 87' lang='lat'>?</span> 
     </span>
     <span class='ocr_line' id='line_1_22' title="bbox 196 1202 708 1252; baseline -0.006 -10"><span class='ocrx_word' id='word_1_122' title='bbox 196 1204 292 1242; x_wconf 87' lang='lat' dir='ltr'>Chr.</span> <span class='ocrx_word' id='word_1_123' title='bbox 322 1202 432 1241; x_wconf 86' lang='lat' dir='ltr'>Treis</span> <span class='ocrx_word' id='word_1_124' title='bbox 450 1215 546 1241; x_wconf 91' lang='lat' dir='ltr'>unos</span> <span class='ocrx_word' id='word_1_125' title='bbox 564 1215 708 1252; x_wconf 89' lang='lat' dir='ltr'>passus.</span> 
     </span>
     <span class='ocr_line' id='line_1_23' title="bbox 511 1255 874 1294; baseline -0.003 0"><span class='ocrx_word' id='word_1_126' title='bbox 511 1258 611 1294; x_wconf 80' lang='lat' dir='ltr'>Nic.</span> <span class='ocrx_word' id='word_1_127' title='bbox 639 1256 715 1294; x_wconf 90' lang='lat' dir='ltr'>Vel</span> <span class='ocrx_word' id='word_1_128' title='bbox 733 1255 874 1293; x_wconf 88' lang='lat' dir='ltr'>decem.</span> 
     </span>
     <span class='ocr_line' id='line_1_24' title="bbox 717 1309 1298 1359; baseline 0.002 -11"><span class='ocrx_word' id='word_1_129' title='bbox 717 1310 812 1348; x_wconf 85' lang='lat' dir='ltr'>Chr.</span> <span class='ocrx_word' id='word_1_130' title='bbox 837 1309 1038 1359; x_wconf 83' lang='lat' dir='ltr'>Agedum,</span> <span class='ocrx_word' id='word_1_131' title='bbox 1058 1316 1100 1348; x_wconf 90' lang='lat' dir='ltr'>tu</span> <span class='ocrx_word' id='word_1_132' title='bbox 1119 1309 1298 1359; x_wconf 69' lang='lat' dir='ltr'>Ammo,</span> 
     </span>
     <span class='ocr_line' id='line_1_25' title="bbox 191 1362 1234 1415; baseline -0.003 -12"><span class='ocrx_word' id='word_1_133' title='bbox 191 1365 328 1403; x_wconf 86' lang='lat' dir='ltr'>Forem</span> <span class='ocrx_word' id='word_1_134' title='bbox 348 1364 445 1402; x_wconf 90' lang='lat' dir='ltr'>hanc</span> <span class='ocrx_word' id='word_1_135' title='bbox 463 1363 676 1415; x_wconf 83' lang='lat' dir='ltr'>pauxillum</span> <span class='ocrx_word' id='word_1_136' title='bbox 698 1363 815 1412; x_wconf 81' lang='lat' dir='ltr'>aperi,</span> <span class='ocrx_word' id='word_1_137' title='bbox 835 1362 980 1413; x_wconf 86' lang='lat' dir='ltr'>placide</span> <span class='ocrx_word' id='word_1_138' title='bbox 991 1376 1004 1409; x_wconf 91' lang='lat'>;</span> <span class='ocrx_word' id='word_1_139' title='bbox 1034 1374 1082 1401; x_wconf 91' lang='lat' dir='ltr'>ne</span> <span class='ocrx_word' id='word_1_140' title='bbox 1100 1376 1210 1414; x_wconf 88' lang='lat' dir='ltr'>crepa</span> <span class='ocrx_word' id='word_1_141' title='bbox 1222 1378 1234 1401; x_wconf 76' lang='lat' dir='ltr'><em>z</em></span> 
     </span>
     <span class='ocr_line' id='line_1_26' title="bbox 192 1415 1302 1457; baseline -0.003 0"><span class='ocrx_word' id='word_1_142' title='bbox 192 1420 260 1457; x_wconf 86' lang='lat' dir='ltr'>Sat</span> <span class='ocrx_word' id='word_1_143' title='bbox 279 1426 345 1456; x_wconf 81' lang='lat' dir='ltr'>est.</span> <span class='ocrx_word' id='word_1_144' title='bbox 382 1417 533 1455; x_wconf 89' lang='lat' dir='ltr'>Accede</span> <span class='ocrx_word' id='word_1_145' title='bbox 551 1417 626 1454; x_wconf 90' lang='lat' dir='ltr'>huc</span> <span class='ocrx_word' id='word_1_146' title='bbox 646 1424 700 1454; x_wconf 90' lang='lat' dir='ltr'>tu.</span> <span class='ocrx_word' id='word_1_147' title='bbox 739 1415 893 1453; x_wconf 91' lang='lat' dir='ltr'>Vide&#39;n’</span> <span class='ocrx_word' id='word_1_148' title='bbox 913 1416 1128 1454; x_wconf 86' lang='lat' dir='ltr'>convivium</span> <span class='ocrx_word' id='word_1_149' title='bbox 1145 1419 1163 1454; x_wconf 75' lang='grc' dir='ltr'><em>Ρ</em></span> <span class='ocrx_word' id='word_1_150' title='bbox 1249 1417 1302 1454; x_wconf 88' lang='grc'>36</span> 
     </span>
     <span class='ocr_line' id='line_1_27' title="bbox 193 1469 1302 1509; baseline 0 0"><span class='ocrx_word' id='word_1_151' title='bbox 193 1474 290 1509; x_wconf 69' lang='lat' dir='ltr'>IVzc.</span> <span class='ocrx_word' id='word_1_152' title='bbox 322 1471 447 1509; x_wconf 87' lang='lat' dir='ltr'>Video</span> <span class='ocrx_word' id='word_1_153' title='bbox 465 1469 714 1508; x_wconf 84' lang='lat' dir='ltr'>exadvorsum</span> <span class='ocrx_word' id='word_1_154' title='bbox 735 1469 985 1506; x_wconf 85' lang='lat' dir='ltr'>Pistoclerum</span> <span class='ocrx_word' id='word_1_155' title='bbox 1004 1475 1040 1506; x_wconf 91' lang='lat' dir='ltr'>et</span> <span class='ocrx_word' id='word_1_156' title='bbox 1058 1469 1302 1509; x_wconf 82' lang='lat' dir='ltr'>Bacchidem.</span> 
     </span>
     <span class='ocr_line' id='line_1_28' title="bbox 196 1521 934 1572; baseline -0.005 -10"><span class='ocrx_word' id='word_1_157' title='bbox 196 1526 291 1564; x_wconf 85' lang='lat' dir='ltr'>Chr.</span> <span class='ocrx_word' id='word_1_158' title='bbox 321 1524 402 1572; x_wconf 82' lang='lat' dir='ltr'>Qui</span> <span class='ocrx_word' id='word_1_159' title='bbox 422 1531 511 1561; x_wconf 89' lang='lat' dir='ltr'>sunt</span> <span class='ocrx_word' id='word_1_160' title='bbox 529 1523 568 1560; x_wconf 91' lang='lat' dir='ltr'>in</span> <span class='ocrx_word' id='word_1_161' title='bbox 587 1523 683 1560; x_wconf 87' lang='lat' dir='ltr'>lecto</span> <span class='ocrx_word' id='word_1_162' title='bbox 701 1522 768 1560; x_wconf 86' lang='lat' dir='ltr'>illo</span> <span class='ocrx_word' id='word_1_163' title='bbox 786 1522 902 1559; x_wconf 90' lang='lat' dir='ltr'>altero</span> <span class='ocrx_word' id='word_1_164' title='bbox 916 1521 934 1557; x_wconf 83' lang='lat'><strong>?</strong></span> 
     </span>
     <span class='ocr_line' id='line_1_29' title="bbox 874 1574 1300 1615; baseline 0.007 -3"><span class='ocrx_word' id='word_1_165' title='bbox 874 1576 975 1613; x_wconf 71' lang='lat' dir='ltr'>Nic.</span> <span class='ocrx_word' id='word_1_166' title='bbox 1005 1574 1138 1614; x_wconf 87' lang='lat' dir='ltr'>Interii</span> <span class='ocrx_word' id='word_1_167' title='bbox 1156 1576 1300 1615; x_wconf 90' lang='lat' dir='ltr'>miser!</span> 
     </span>
     <span class='ocr_line' id='line_1_30' title="bbox 199 1628 774 1674; baseline -0.007 -5"><span class='ocrx_word' id='word_1_168' title='bbox 199 1632 297 1670; x_wconf 83' lang='lat' dir='ltr'>Chr.</span> <span class='ocrx_word' id='word_1_169' title='bbox 326 1629 527 1668; x_wconf 85' lang='lat' dir='ltr'>Novistine</span> <span class='ocrx_word' id='word_1_170' title='bbox 545 1628 741 1674; x_wconf 74' lang='lat' dir='ltr'>hominem</span> <span class='ocrx_word' id='word_1_171' title='bbox 755 1629 774 1666; x_wconf 71' lang='grc' dir='ltr'>’ἒ</span> 
     </span>
     <span class='ocr_line' id='line_1_31' title="bbox 633 1682 876 1721; baseline -0.004 -1"><span class='ocrx_word' id='word_1_172' title='bbox 633 1683 731 1720; x_wconf 80' lang='lat' dir='ltr'>Nic.</span> <span class='ocrx_word' id='word_1_173' title='bbox 761 1683 804 1721; x_wconf 95' lang='lat' dir='ltr'>N</span> <span class='ocrx_word' id='word_1_174' title='bbox 805 1682 876 1720; x_wconf 73' lang='lat' dir='ltr'>ovi.</span> 
     </span>
     <span class='ocr_line' id='line_1_32' title="bbox 815 1735 1306 1786; baseline 0.002 -12"><span class='ocrx_word' id='word_1_175' title='bbox 815 1736 912 1774; x_wconf 85' lang='lat' dir='ltr'>Chr.</span> <span class='ocrx_word' id='word_1_176' title='bbox 944 1735 1035 1785; x_wconf 84' lang='lat' dir='ltr'><strong>Dic,</strong></span> <span class='ocrx_word' id='word_1_177' title='bbox 1055 1735 1175 1785; x_wconf 87' lang='lat' dir='ltr'>sodes,</span> <span class='ocrx_word' id='word_1_178' title='bbox 1194 1736 1306 1786; x_wconf 87' lang='lat' dir='ltr'>mihi,</span> 
     </span>
     <span class='ocr_line' id='line_1_33' title="bbox 196 1788 843 1841; baseline -0.003 -12"><span class='ocrx_word' id='word_1_179' title='bbox 196 1789 349 1829; x_wconf 71' lang='lat' dir='ltr'>Bemn’</span> <span class='ocrx_word' id='word_1_180' title='bbox 371 1789 517 1828; x_wconf 86' lang='lat' dir='ltr'>videtur</span> <span class='ocrx_word' id='word_1_181' title='bbox 536 1788 656 1841; x_wconf 90' lang='lat' dir='ltr'>specie</span> <span class='ocrx_word' id='word_1_182' title='bbox 674 1788 812 1828; x_wconf 89' lang='lat' dir='ltr'>mulier</span> <span class='ocrx_word' id='word_1_183' title='bbox 825 1791 843 1827; x_wconf 85' lang='lat'>?</span> 
     </span>
     <span class='ocr_line' id='line_1_34' title="bbox 855 1842 1306 1883; baseline 0.004 -3"><span class='ocrx_word' id='word_1_184' title='bbox 855 1844 907 1880; x_wconf 91' lang='lat' dir='ltr'><em>N</em></span> <span class='ocrx_word' id='word_1_185' title='bbox 907 1844 953 1880; x_wconf 78' lang='lat' dir='ltr'>ie.</span> <span class='ocrx_word' id='word_1_186' title='bbox 985 1842 1226 1881; x_wconf 89' lang='lat' dir='ltr'>Admodum.</span> <span class='ocrx_word' id='word_1_187' title='bbox 1254 1844 1306 1883; x_wconf 79' lang='lat'>40</span> 
     </span>
     <span class='ocr_line' id='line_1_35' title="bbox 198 1895 1147 1945; baseline -0.002 -10"><span class='ocrx_word' id='word_1_188' title='bbox 198 1898 294 1936; x_wconf 88' lang='lat' dir='ltr'>Chr.</span> <span class='ocrx_word' id='word_1_189' title='bbox 326 1896 436 1945; x_wconf 83' lang='lat' dir='ltr'>Quid</span> <span class='ocrx_word' id='word_1_190' title='bbox 452 1895 575 1944; x_wconf 83' lang='lat' dir='ltr'>illam,</span> <span class='ocrx_word' id='word_1_191' title='bbox 595 1896 881 1935; x_wconf 88' lang='lat' dir='ltr'>meretricemne</span> <span class='ocrx_word' id='word_1_192' title='bbox 898 1909 978 1935; x_wconf 90' lang='lat' dir='ltr'>esse</span> <span class='ocrx_word' id='word_1_193' title='bbox 995 1896 1147 1935; x_wconf 82' lang='lat' dir='ltr'>censes?</span> 
     </span>
     <span class='ocr_line' id='line_1_36' title="bbox 954 1949 1309 2002; baseline 0.006 -15"><span class='ocrx_word' id='word_1_194' title='bbox 954 1951 1053 1989; x_wconf 78' lang='lat' dir='ltr'>Nic.</span> <span class='ocrx_word' id='word_1_195' title='bbox 1084 1949 1276 2002; x_wconf 82' lang='lat' dir='ltr'>Quippini</span> <span class='ocrx_word' id='word_1_196' title='bbox 1291 1953 1309 1989; x_wconf 71' lang='grc' dir='ltr'><strong><em>ἓ</em></strong></span> 
     </span>
     <span class='ocr_line' id='line_1_37' title="bbox 199 2003 556 2044; baseline -0.006 0"><span class='ocrx_word' id='word_1_197' title='bbox 199 2004 296 2044; x_wconf 87' lang='lat' dir='ltr'>Chr.</span> <span class='ocrx_word' id='word_1_198' title='bbox 329 2003 488 2042; x_wconf 80' lang='lat' dir='ltr'>Frustra</span> <span class='ocrx_word' id='word_1_199' title='bbox 506 2016 556 2042; x_wconf 90' lang='lat' dir='ltr'>es.</span> 
     </span>
     <span class='ocr_line' id='line_1_38' title="bbox 528 2055 1205 2110; baseline -0.003 -14"><span class='ocrx_word' id='word_1_200' title='bbox 528 2059 626 2096; x_wconf 80' lang='lat' dir='ltr'>Nic.</span> <span class='ocrx_word' id='word_1_201' title='bbox 654 2056 753 2105; x_wconf 88' lang='lat' dir='ltr'>Quis</span> <span class='ocrx_word' id='word_1_202' title='bbox 772 2057 889 2109; x_wconf 85' lang='lat' dir='ltr'>igitur</span> <span class='ocrx_word' id='word_1_203' title='bbox 908 2055 1098 2110; x_wconf 88' lang='lat' dir='ltr'>(obsecro)</span> <span class='ocrx_word' id='word_1_204' title='bbox 1119 2064 1174 2096; x_wconf 58' lang='lat' dir='ltr'>est</span> <span class='ocrx_word' id='word_1_205' title='bbox 1186 2056 1205 2094; x_wconf 64' lang='grc' dir='ltr'><strong><em>ἓ</em></strong></span> 
     </span>
     <span class='ocr_line' id='line_1_39' title="bbox 978 2110 1312 2150; baseline -0.003 0"><span class='ocrx_word' id='word_1_206' title='bbox 978 2113 1075 2150; x_wconf 86' lang='lat' dir='ltr'>Chr.</span> <span class='ocrx_word' id='word_1_207' title='bbox 1103 2110 1312 2150; x_wconf 80' lang='lat' dir='ltr'>Inveneris.</span> 
     </span>
     <span class='ocr_line' id='line_1_40' title="bbox 194 2163 1113 2217; baseline -0.001 -14"><span class='ocrx_word' id='word_1_208' title='bbox 194 2164 259 2203; x_wconf 89' lang='lat' dir='ltr'>Ex</span> <span class='ocrx_word' id='word_1_209' title='bbox 277 2177 339 2204; x_wconf 90' lang='lat' dir='ltr'>me</span> <span class='ocrx_word' id='word_1_210' title='bbox 358 2164 514 2217; x_wconf 89' lang='lat' dir='ltr'>quidem</span> <span class='ocrx_word' id='word_1_211' title='bbox 531 2163 644 2204; x_wconf 86' lang='lat' dir='ltr'>hodie</span> <span class='ocrx_word' id='word_1_212' title='bbox 662 2176 863 2217; x_wconf 86' lang='lat' dir='ltr'>nunquam</span> <span class='ocrx_word' id='word_1_213' title='bbox 882 2165 948 2204; x_wconf 52' lang='lat' dir='ltr'>fios</span> <span class='ocrx_word' id='word_1_214' title='bbox 967 2164 1113 2204; x_wconf 80' lang='lat' dir='ltr'>certior.</span> 
     </span>
    </p>
   </div>
  </div>
 </body>
</html>
