1412 2427
225 19 304 56 216
537 20 877 61 BACCHIDES.
905 21 956 60 V.
989 22 1025 58 1.

224 124 264 163 Is
292 137 354 163 me
376 126 497 164 scelus
524 140 644 179 usque
670 127 834 166 attondit
858 126 954 165 dolis
976 125 1096 165 doctis
1123 125 1332 176 indoctum,

383 188 427 217 ut
444 180 611 219 lubitum
631 189 699 219 est.

224 231 286 269 Ita
312 231 419 270 miles
446 242 631 272 memorat
654 233 886 272 meretricem
916 245 1008 280 esse,
1029 246 1146 285 quam
1173 233 1238 271 ille
1260 245 1334 271 ux-

381 299 484 324 orem
504 300 580 325 esse
598 288 744 325 aiebat:
1285 286 1333 324 10

222 336 454 390 Omniaque,
475 348 518 377 ut
537 340 723 391 quidquid
742 347 867 378 actum
888 347 956 387 est,
978 340 1224 378 memoravit:
1246 351 1331 377 eam

385 393 456 430 sibi
473 393 576 431 hunc
595 405 738 431 annum
759 393 996 431 conductam.

222 444 434 496 Reliquum
456 446 495 483 id
523 446 605 484 auri
623 446 782 492 factum,
811 445 914 496 quod
938 459 1006 497 ego
1025 445 1058 484 ei
1086 445 1332 484 stultissimus

331 532 335 533 ⁷
380 498 495 536 homo
512 499 780 550 promisissem.

223 551 324 599 Hoc,
341 551 411 590 hoc
426 559 493 599 est,
510 551 612 603 quod
630 552 854 603 peracescit3
883 552 954 589 hoc
969 558 1025 589 est
1038 551 1209 599 demum,
1230 551 1333 603 quod

381 605 606 656 percrucior,

222 657 294 695 Me
318 657 389 696 hoc
416 658 534 696 aetatis
560 657 772 696 ludificari!
802 659 922 696 immo
949 657 1119 709 (edepol)
1149 657 1201 696 sic
1222 657 1332 696 ludos

379 711 522 749 factum
1194 718 1199 722 ’

222 762 328 801 Cano
353 764 487 815 capite,
514 772 628 815 atque
653 765 741 802 alba
765 764 910 804 barba!
940 764 1123 802 miserum
1150 777 1213 802 me
1237 777 1331 802 auro

379 830 455 855 esse
474 826 694 855 emunctum
710 818 719 855 Ξ
1281 817 1328 854 15

220 869 346 907 Perii!
391 870 462 908 hoc
490 883 644 908 servum
680 883 810 909 meum
847 882 924 908 non
959 870 1072 908 nauci
1104 870 1223 908 facere
1250 878 1330 908 esse

377 936 512 961 ausum
529 924 538 960 !
570 924 703 974 Atque
722 937 805 975 ego,
825 924 855 962 si
875 923 966 961 alibi

218 975 314 1014 Plus
333 976 574 1026 perdiderim,
599 977 726 1014 minus
746 990 843 1028 aegre
861 976 1037 1024 habeam,
1065 976 1270 1027 minusque
1288 975 1327 1014 id

379 1029 475 1066 mihi
494 1029 634 1067 damno
652 1030 802 1068 ducam.

216 1083 326 1120 Phil.
356 1083 468 1121 Certo
495 1082 558 1120 hic
584 1095 701 1133 prope
732 1096 795 1122 me
825 1083 921 1120 mihi
957 1082 1187 1134 nescio-quis
1221 1083 1329 1134 loqui

377 1137 478 1173 visus
498 1144 576 1173 est:
608 1136 672 1174 sed
691 1150 806 1187 quem
827 1137 934 1174 video
950 1138 967 1174 ?

219 1189 295 1226 Hic
310 1189 465 1240 quidem
484 1197 591 1239 pater
609 1189 849 1227 Mnesilochi.

548 1244 599 1280 N
600 1244 645 1280 ic.
665 1243 801 1293 Euge!
833 1243 976 1281 socium
996 1254 1175 1280 aerumnae
1195 1248 1233 1280 et
1250 1242 1327 1281 mei

665 1297 758 1334 mali
778 1296 899 1335 video.

217 1346 440 1395 Philoxene,
462 1349 574 1387 salve.

374 1404 483 1441 Phil.
504 1403 559 1441 Et
576 1411 632 1440 tu.
671 1403 786 1442 Unde
805 1403 914 1454 agis?

704 1459 801 1495 Nic.
821 1456 935 1494 Unde
952 1455 1067 1493 homo
1084 1454 1197 1492 miser
1215 1460 1329 1505 atque

825 1509 1093 1546 infortunatus.
1273 1509 1326 1546 20

214 1562 324 1598 Phil.
354 1561 413 1599 At
431 1561 541 1613 (pol)
561 1575 630 1612 ego
650 1562 703 1600 ibi
732 1575 832 1609 sum,
862 1575 940 1600 esse
959 1562 1026 1600 ubi
1052 1561 1234 1598 miserum
1258 1561 1328 1599 ho-

368 1615 512 1652 minem
530 1615 636 1653 decet
655 1623 769 1666 atque
785 1615 1079 1653 infortunatum.

214 1668 266 1704 N
265 1668 313 1703 2⁶0.
333 1667 459 1717 Igitur
470 1669 550 1719 pari
565 1668 731 1716 fortunii,
745 1676 853 1706 aetate
867 1679 910 1706 ut
922 1681 1069 1715 sumus,
1087 1671 1246 1709 utimur.

729 1723 838 1760 Phil.
857 1722 920 1761 Sic
938 1729 1004 1760 est.
1059 1723 1134 1762 Sed
1153 1730 1196 1762 tu
1215 1751 1226 1763 .
1249 1752 1259 1762 .
1279 1750 1291 1762 .
1311 1751 1322 1761 .

211 1772 323 1820 Quid
346 1772 416 1810 tibi
435 1780 489 1811 est
502 1775 520 1812 ,⁹

314 1828 366 1864 N
365 1827 412 1864 ic.
432 1826 517 1875 Pol,
537 1827 632 1865 mihi
650 1841 720 1879 par
737 1828 839 1866 idem
858 1836 926 1877 est,
947 1828 1050 1880 quod
1067 1828 1149 1868 tibi.

681 1881 792 1921 Phil.
815 1882 1113 1934 Numquidnam
1131 1882 1182 1922 ad
1199 1883 1323 1922 filium

211 1932 309 1971 Haec
332 1932 516 1984 aegritudo
533 1934 694 1973 attinet?

423 1988 475 2024 N
475 1988 520 2024 ic.
541 1987 781 2027 Admodum.

485 2041 611 2098 ⁴Phil.
631 2042 742 2080 Idem
756 2041 853 2080 mihi
867 2043 1022 2082 morbus
1033 2043 1074 2082 in
1089 2049 1237 2095 pectore
1251 2051 1317 2083 est.
