1412 2427
216 72 294 116 278
576 73 802 113 CASINA.
833 73 892 111 ΙΙ.
920 75 958 110 2.

213 177 287 216 Vir
304 179 334 217 si
352 179 445 230 quid
463 180 562 218 volet
579 191 656 226 me,
675 179 786 218 facite
800 180 889 218 hinc
906 192 968 217 me
985 179 1186 217 arcessatis.
1294 180 1320 217 3

218 233 343 270 Para.
373 233 582 271 Prandium
596 234 759 282 jusserat
776 245 890 271 senex
909 233 980 271 sibi
998 232 1133 283 parari.

217 286 319 323 Cleo.
340 286 409 324 St!
431 294 525 333 tace,
545 294 659 337 atque
673 286 747 324 abi.
787 286 926 337 Neque
944 298 1049 335 paro,
1070 297 1193 336 neque
1210 284 1321 324 hodie

213 337 420 389 Coquetur‚
440 339 592 391 quando
609 339 641 377 is
659 339 755 377 mihi
772 347 809 377 et
826 339 905 377 filio
921 339 1140 377 adversatur
1293 339 1319 376 6

210 391 306 438 Suo,
327 392 443 430 animi
464 393 675 443 amorisque
693 393 806 429 causa¹
823 393 893 430 sui.

211 444 420 495 Flagitium
437 445 533 484 illud
551 445 716 483 hominis
732 445 741 482 !
773 458 842 495 ego
859 445 971 482 illum
988 445 1103 494 fame,
1119 457 1190 496 ego
1207 445 1319 483 illum

212 498 298 545 Siti,
318 498 540 543 maledictis,
559 498 781 545 malefactis,
801 505 1008 536 amatorem

211 551 402 590 Ulciscar:
432 565 501 603 ego
521 552 630 603 (pol)
647 551 758 589 illurn
777 553 893 602 probe
910 551 1159 590 incommodis
1269 551 1319 589 10

210 602 335 642 Dictis
353 617 515 655 angam:
546 605 682 642 faciam
700 605 771 652 uti,
792 604 949 654 proinde
965 612 1010 642 ut
1028 612 1082 643 est
1101 605 1251 656 dignus,

210 656 344 695 Vitam
363 659 485 703 colat;
514 658 746 697 Acheruntis
765 658 966 708 pabulum,
986 658 1107 709 flagiti

211 710 397 762 Praesepe,
419 712 612 750 stabulum
631 711 818 762 nequitiae.
877 711 918 748 N
920 723 995 749 unc
1013 712 1102 750 hinc

209 762 321 802 Meas
338 764 507 802 fortunas
525 777 568 803 eo
588 773 763 816 questum
782 764 831 802 ad
849 764 1000 803 vicinas.

210 817 285 854 Sed
296 817 385 856 foris
402 819 627 870 concrepuit.
657 819 790 870 Atque
804 831 848 856 ea
864 818 958 868 ipsa,
975 830 1115 863 eccam,
1131 817 1320 868 egreditur

210 868 338 909 Foras.
394 872 436 910 N
438 884 487 910 on
506 871 624 923 (pol)
643 884 710 922 per
727 879 878 922 tempus
895 871 964 909 iter
980 871 1078 910 mihi
1095 871 1229 923 incepi.
1271 871 1320 909 16

463 1026 648 1066 ACTUS
676 1027 738 1065 ΙΙ.
793 1026 979 1066 SCENA
1007 1025 1067 1064 ΙΙ.

442 1132 729 1171 MunnmNA.
784 1133 1106 1172 CLEos'rRA‘rA.

210 1241 326 1277 Mur.
354 1240 582 1290 Sequimini,
602 1239 768 1288 comites,
788 1240 829 1278 in
847 1251 1080 1291 proxumum
1098 1251 1161 1277 me
1177 1238 1265 1277 huc.

210 1294 320 1332 Heus
337 1306 403 1332 vos
418 1294 427 1331 Ξ
459 1293 586 1346 ecquis
603 1294 694 1338 haec,
716 1307 803 1346 quae
819 1294 967 1345 loquar,
987 1293 1094 1332 audit
1107 1295 1125 1332 Ρ
1153 1293 1240 1343 Ego
1257 1292 1321 1332 hic

369 1360 444 1395 ero,

211 1400 281 1439 Vir
305 1400 350 1448 si,
379 1409 446 1439 aut
473 1400 663 1453 quispiam
690 1407 858 1453 quaeret:
898 1412 990 1439 nam
1015 1399 1080 1438 ubi
1108 1399 1212 1439 domi
1241 1401 1320 1439 sola

369 1466 470 1502 sum,

209 1507 329 1559 Sopor
346 1519 483 1546 manus
501 1508 671 1547 calvitur.
724 1507 869 1548 Jussin'
889 1507 1015 1546 colum

209 1561 316 1600 Ferri
333 1561 430 1599 mihi
442 1563 460 1600 Ρ
610 1595 619 1600 „

371 1615 472 1653 Cleo.
501 1613 721 1663 Murrhina,
737 1614 852 1653 salve.

761 1669 820 1705 M
818 1681 879 1705 ur.
907 1667 1032 1716 Salve,
1293 1669 1318 1705 5

209 1719 410 1759 Mecastor.
467 1721 543 1760 Sed
561 1721 654 1772 quid
672 1729 715 1759 tu
735 1734 772 1759 es
790 1721 920 1768 tristis,
940 1720 1105 1760 amabo?

212 1775 314 1812 Cleo.
344 1775 407 1812 Ita
424 1775 545 1812 solent
562 1787 692 1813 omnes
711 1788 798 1826 quae
815 1782 902 1812 sunt
920 1775 1021 1812 male
1038 1781 1169 1826 nuptae
1184 1788 1194 1811 :

207 1826 327 1865 Domi
345 1834 381 1865 et
398 1827 487 1866 foris
506 1841 603 1879 aegre
621 1827 725 1879 quod
743 1828 806 1877 sit,
827 1828 914 1866 satis
933 1841 1080 1878 semper
1098 1835 1167 1866 est.

208 1880 315 1918 Nam
334 1893 403 1931 ego
422 1880 526 1919 ibam
545 1881 593 1919 ad
611 1888 660 1920 te.

328 1936 445 1972 Mur.
474 1935 528 1972 Et
543 1936 661 1986 (pol)
681 1947 750 1986 ego
767 1935 865 1974 istuc
883 1936 932 1974 ad
953 1943 1003 1974 te.
1043 1934 1119 1974 Sed
1136 1934 1230 1986 quid
1248 1942 1317 1983 est,

210 1985 325 2030 Quod
344 1995 409 2025 tuo
427 2000 529 2026 nunc
547 1989 675 2027 animo
694 2002 792 2039 aegre
811 1996 867 2028 est
879 1989 898 2026 2
925 2001 1031 2037 nam,
1051 1988 1154 2040 quod
1173 1988 1242 2026 tibi
1261 1996 1317 2028 est

214 2040 349 2091 AEgre,
369 2041 470 2079 idem
488 2042 585 2080 mihi
603 2049 659 2080 est
676 2042 839 2081 dividiae.

741 2098 844 2136 Cleo.
873 2096 1011 2144 Credo,
1031 2102 1195 2134 ecastor:
1269 2095 1315 2132 ll

209 2146 315 2186 Nam
329 2147 492 2190 vicinam
511 2150 703 2190 neminem
721 2162 809 2190 amo
820 2150 957 2190 merito
971 2149 1108 2202 magis,
1124 2161 1238 2200 quam
1255 2156 1292 2188 te
1301 2163 1316 2198 3
