1412 2427
215 32 293 70 268
536 33 865 73 CAPTEIVEI.
893 33 945 72 V.
976 33 1015 70 3.

214 139 311 177 Stal.
335 138 462 177 Pauca
479 139 674 191 effugiam,
695 140 798 179 scio:
829 152 919 178 nam
938 139 1062 177 multa
1079 134 1263 186 evenient,
1281 142 1320 173 et

373 191 507 230 merito
524 206 624 240 meo,
1271 189 1320 227 18

210 243 315 291 Quia
329 252 365 282 et
382 245 478 296 fugi,
499 253 536 284 et
553 247 623 284 tibi
637 246 804 298 surripui
822 247 961 295 filium,
976 253 1013 285 et
1026 257 1115 284 eum
1133 242 1301 284 vendidi.

214 299 263 335 H
263 310 321 347 cg.
340 298 445 346 Quoi
461 299 638 338 homini?

554 354 652 391 Stal.
680 353 981 392 Theodoromedi
1007 353 1048 390 in
1065 350 1183 390 Alide
1202 349 1319 400 Poly-

665 406 788 457 plusio
1265 403 1319 440 20

213 458 292 496 Sex
310 457 436 495 minis.

360 513 466 561 Heg.
498 511 572 550 Pro
591 511 658 550 Dii
682 512 939 551 immortales!
971 512 1003 551 is
1020 510 1177 563 quidem
1202 509 1319 558 hujus

478 572 533 603 est
551 572 657 617 pater

212 616 449 656 Philocratis.

450 672 548 710 Stal.
575 671 682 732 Quin
700 672 835 711 melius
854 671 956 720 novi,
975 684 1093 723 quam
1112 677 1164 719 te,
1183 676 1220 707 et
1241 667 1320 707 vidi

209 779 316 827 Hcg.
344 778 474 826 Serva,
493 778 521 815 J
518 738 853 868 ἰιΙιΞῗῐΞιι-υέᾆρῐεωε,
873 786 912 817 et
928 791 992 817 me
1011 785 1048 816 et
1066 789 1197 816 meum
1223 788 1318 827 gna-

208 839 458 975 Philocraitss?
477 843 685 934 1{ieruiuum
713 892 750 924 te
779 885 935 935 genium
962 885 1129 933 obsecro,
1158 882 1245 922 exi:
1280 887 1318 919 ω

370 950 417 976 vo
433 950 466 976 ο.

456 1099 641 1138 ACTUS
670 1099 721 1138 V.
776 1099 962 1139 SCENA
991 1099 1075 1138 ΙΙΙ.

302 1204 649 1244 PHILOCRATES.
705 1204 878 1244 HEGm.
938 1207 1230 1246 STALAGMUS.

208 1313 359 1351 Plziloc.
388 1311 529 1363 Hegio,
548 1324 701 1352 assum:
731 1313 765 1352 si
782 1313 877 1365 quid
893 1325 956 1351 me
974 1313 1045 1361 vis,
1064 1312 1222 1363 impera.

785 1368 891 1416 Heg.
913 1367 990 1405 Hic
1007 1373 1169 1417 gnatum
1186 1377 1317 1403 meum

206 1418 294 1455 Tuo
312 1419 411 1470 patri
429 1419 482 1457 ait
500 1431 539 1457 se
557 1419 769 1458 vendidisse
787 1433 852 1458 sex
869 1420 984 1458 minis
1002 1420 1043 1457 in
1060 1417 1191 1456 Alide.

204 1473 355 1510 Plziloc.
375 1471 575 1519 Quamdiu
593 1473 633 1510 id
651 1473 796 1511 factum
815 1471 890 1510 ’st?

602 1528 702 1564 Stal.
721 1526 798 1564 Hic
816 1538 938 1564 annus
954 1524 1087 1576 incipit
1103 1524 1317 1563 vicesimus.

204 1580 355 1617 ΡΙιὶΙοε.
375 1580 490 1618 Falsa
507 1587 705 1618 memorat.

628 1633 726 1671 Stat.
748 1632 834 1669 Aut
851 1643 935 1682 ege,
955 1638 1021 1669 aut
1039 1638 1108 1669 tu:
1137 1642 1228 1670 nam
1246 1630 1315 1670 tibi

737 1684 1027 1736 quadrimulum

203 1738 316 1777 Tuus
333 1746 439 1790 pater
456 1738 685 1789 peculiarem
703 1738 908 1789 parvulum
926 1750 1045 1788 puero
1063 1736 1182 1775 dedit.
1289 1738 1314 1774 5

203 1793 359 1831 Philae.
386 1792 494 1839 Quid
513 1799 592 1830 erat
611 1791 645 1830 ei
662 1803 801 1830 nomen
813 1791 832 1828 ¹?
859 1791 890 1829 si
909 1803 997 1829 vera
1013 1790 1123 1840 dicis,
1141 1801 1314 1830 memora

367 1844 462 1882 dum
481 1845 588 1882 mihi.

197 1900 297 1937 Stat.
314 1898 518 1949 Paegnium
536 1897 774 1937 vocitatu’st:
805 1905 891 1949 post
907 1910 974 1937 vos
990 1896 1181 1936 indidistis
1199 1895 1313 1948 Tyn-

360 1952 466 1989 daro.

198 2006 352 2043 Philae.
371 2005 451 2043 Cur
469 2017 538 2054 ego
557 2011 594 2043 te
611 2017 689 2043 non
707 2004 796 2043 novi
812 2005 830 2042 Ρ

475 2059 573 2096 Stat.
592 2058 697 2106 Quia
713 2070 796 2096 mos
813 2066 870 2097 est
886 2058 1057 2098 oblivisci
1074 2055 1306 2105 hominibus,

194 2112 333 2163 Neque
349 2110 510 2160 novisse,
532 2112 671 2162 quojus
689 2111 798 2151 nihili
815 2112 866 2151 sit
883 2111 1064 2152 faciunda
1081 2110 1214 2163 gratia.
