1412 2427
136 30 188 67 36
426 25 799 68 AMPHITRUO.
829 29 889 66 II.
918 30 956 65 2.

138 134 228 183 Sed,
248 134 401 181 mulier,
420 142 621 185 postquam
637 143 851 186 experrecta
869 148 920 178 es,
939 134 1141 185 prodigiali
1154 134 1246 173 Jovi

136 189 222 226 Aut
238 188 341 225 mola
357 188 453 225 salsa
472 188 597 235 hodie,
618 196 684 226 aut
699 188 823 235 thure,
844 195 1118 239 comprecatam
1137 200 1248 238 opor-

293 241 379 278 tuit.
1166 241 1241 278 108

137 296 223 333 Alc.
252 294 325 331 Vae
343 294 456 344 capiti
478 295 568 332 tuo!

510 350 591 385 Sos.
625 347 714 385 Tua
732 347 828 385 istuc
845 347 971 394 refert,
993 348 1025 385 si
1044 346 1246 385 curaveris.

130 402 224 439 Alc.
251 401 396 439 Iterum
414 401 495 449 jam
514 401 575 438 hic
594 401 634 437 in
654 413 716 438 me
734 401 977 439 inclementer
1004 401 1109 447 dicit,
1132 407 1247 450 atque

294 454 333 490 id
353 453 434 490 sine
451 454 563 491 malo.
1170 453 1245 490 110

138 509 283 558 Amph.
302 505 403 544 Tace
421 514 463 543 tu
478 520 487 543 :
510 515 550 544 tu
564 506 643 543 dic:
662 507 797 557 Egone
809 507 875 544 abs
894 514 931 544 te
949 506 1025 544 abii
1038 506 1126 544 hinc
1136 504 1249 543 hodie

298 572 386 598 cum
406 559 575 597 diluculo
588 561 606 597 p

134 615 225 653 Alc.
245 612 344 661 Quis
361 613 491 662 igitur,
508 612 580 650 nisi
599 623 677 656 vos,
691 612 855 649 narravit
873 612 983 660 mihi,
999 612 1055 650 illi
1075 620 1118 649 ut
1136 611 1247 650 fuerit

329 665 477 703 roelium
492 667 509 703 Ρ

141 719 286 770 Amph.
301 679 383 756 pAn
403 718 515 756 etiam
534 718 574 756 id
593 726 634 756 tu
655 718 725 756 scis
738 721 756 756 ?

394 773 432 809 A
437 773 484 809 lc.
503 771 660 822 Quippe
672 784 758 822 quae
773 784 819 809 ex
834 779 871 809 te
885 770 1013 809 audivi
1028 785 1038 808 ε
1060 779 1104 809 ut
1115 773 1247 809 urbem

461 837 687 862 maxumam

140 878 473 931 Expugnavisses3
504 890 707 928 regemque
727 877 916 915 Pterelam
934 885 1015 915 tute
1033 877 1222 916 occideris.

139 935 286 984 Amph.
314 932 449 982 Egone
466 930 563 968 istuc
581 930 661 967 dixi
676 934 692 968 ἓ

258 988 347 1024 Alc.
374 984 477 1022 Tute
496 984 592 1030 istic,
614 984 727 1021 etiam
746 982 917 1021 adstante
935 984 1007 1022 hoc
1025 984 1147 1022 Sosia.
1178 983 1252 1020 115

138 1040 288 1090 Amph.
314 1036 549 1076 Audivistin'
569 1044 612 1074 tu
630 1049 692 1074 me
710 1049 860 1074 narrare
878 1036 950 1074 hoc
967 1036 1078 1074 hodie
1093 1040 1110 1075 ἒ

711 1091 794 1127 803.
827 1089 906 1127 Ubi
925 1101 994 1140 ego
1008 1089 1215 1128 audiverim
1233 1091 1250 1127 ἓ

144 1147 289 1196 Amph.
320 1145 434 1182 Hanc
454 1156 557 1195 roga.

421 1199 504 1236 803.
533 1197 605 1235 Me
633 1196 788 1247 quidem
826 1203 1023 1248 praesente‚
1056 1207 1254 1248 nunquam

487 1250 632 1288 factum
651 1251 713 1297 ’st‚
733 1250 837 1301 quod
855 1250 982 1288 sciam.

146 1308 183 1344 A
189 1308 233 1343 lc.
258 1306 407 1344 Mirum
426 1303 519 1354 quin
539 1312 576 1341 te
594 1303 773 1341 advorsus
791 1302 902 1340 dicat.

500 1357 645 1406 Amph.
676 1356 798 1403 Sosia,
818 1368 902 1405 age,
921 1367 984 1393 me
1001 1356 1076 1394 huc
1095 1356 1256 1407 adspice.

147 1413 229 1450 Sos.
258 1411 406 1460 Specto.

250 1464 398 1511 Amph.
417 1462 520 1500 Vera
533 1462 619 1499 volo
636 1462 742 1512 loqui
762 1468 822 1498 te:
844 1461 933 1498 nolo
951 1462 1131 1500 assentari
1149 1462 1258 1501 mihi.

146 1515 380 1555 Audivistin'
402 1524 445 1553 tu
472 1514 584 1552 hodie
606 1527 668 1552 me
695 1514 753 1551 illi
777 1513 898 1571 dicere
917 1527 974 1561 ea,
1001 1528 1087 1564 quae
1104 1515 1171 1553 illa
1189 1529 1258 1553 au-

308 1575 431 1606 tumat
447 1570 464 1606 Ρ
1182 1570 1256 1607 120

147 1624 231 1661 803.
257 1621 414 1669 Quaeso,
430 1620 599 1672 (edepol)
619 1633 715 1659 num
733 1629 775 1659 tu
796 1633 949 1672 quoque
967 1621 1082 1660 etiam
1101 1622 1257 1671 insanis,

309 1687 425 1726 quom
443 1675 481 1712 id
501 1688 564 1712 me
580 1675 786 1724 interrogas
800 1677 817 1712 ἶ)

144 1728 229 1776 Qui
246 1728 352 1779 ipsus
374 1727 549 1778 equidem
573 1740 674 1765 nunc
695 1728 864 1777 primum
888 1728 1008 1766 istanc
1025 1735 1152 1767 tecum
1171 1741 1260 1767 con-

306 1781 422 1831 spicio
441 1781 567 1818 simul.

143 1835 294 1884 Amph.
323 1834 430 1881 Quin
450 1846 563 1878 nunc,
583 1834 734 1881 mulier,
755 1834 898 1872 audi'n'
919 1835 1060 1874 illum?

540 1889 628 1925 Alc.
653 1888 741 1938 Ego
759 1900 872 1933 vero3
903 1902 945 1927 ac
964 1889 1104 1926 falsum
1123 1889 1255 1927 dicere.

144 1941 295 1991 Amph.
329 1940 468 1992 Neque
485 1947 528 1979 tu
547 1941 619 1989 illi,
638 1953 760 1993 neque
776 1942 833 1978 mi
852 1942 931 1979 viro
949 1942 1021 1993 ipsi
1039 1942 1157 1980 credis
1170 1941 1188 1978 :³

781 1995 868 2033 Alc.
897 1995 958 2033 Eo
977 1995 1035 2043 fit,
1054 1995 1145 2046 quia
1162 1994 1260 2032 mihi

144 2047 366 2091 Plurimum
385 2047 511 2095 credo,
536 2054 573 2086 et
598 2047 673 2086 scio
700 2047 772 2085 ista
798 2047 879 2086 haec
897 2048 1011 2095 facta,
1039 2048 1197 2100 proinde
1217 2052 1263 2086 ut

302 2100 517 2152 proloquor.
1186 2101 1262 2138 125
