1412 2427
149 52 200 88 56
327 44 700 84 AMPHITRUO.
728 43 805 83 1v.
833 39 1097 96 [Supposztaq

256 153 402 203 Amph.
435 151 643 203 Blepharo,
673 151 898 204 dispeream,
923 152 955 191 si
976 158 1043 191 aut
1070 149 1175 189 intus
1192 149 1260 189 ad-

308 207 384 244 huc
402 206 473 253 fui,

151 259 237 297 Aut
256 259 288 298 si
305 259 408 298 hunc
426 259 607 297 miserim.
651 258 740 306 Dic,
760 259 827 297 ubi
846 271 909 297 me
926 255 1101 309 liquisti?

410 315 494 351 Sos.
526 312 645 350 Domi
663 326 750 351 cum
771 312 986 350 Alcumena
1004 312 1176 360 conjuge.
1209 311 1260 348 65

152 366 255 417 Ego,
286 379 309 403 a
331 372 367 403 te
391 366 534 413 abiens,
556 374 710 417 portum
732 378 863 404 vorsus
886 365 1025 404 volito:
1059 364 1164 401 hunc
1187 363 1263 401 tuis

314 420 437 457 verbis
454 431 570 457 voco:

153 472 368 518 Venimus;
397 484 464 510 nec
483 479 530 516 te,
553 472 625 510 nisi
643 484 758 519 nunc,
778 472 886 511 video
905 477 1045 523 postea.

438 526 475 563 A
482 527 584 575 mph.
613 526 821 564 Scelestum
840 532 954 575 caput
970 525 979 562 ἰ
1011 536 1100 562 cum
1114 535 1233 563 uxore
1246 526 1264 563 ’ἓ

156 579 373 629 Nunquam
393 579 488 625 abis,
508 579 600 629 quin
622 579 790 630 vapules.

261 634 346 670 Sos.
374 631 593 682 Blepharo!

326 686 463 734 Bleph.
494 684 746 736 Amphitruo,
765 683 874 722 mitte
890 684 995 722 hunc
1012 684 1099 722 mea
1117 683 1265 736 gratia;

157 739 213 778 Et
230 751 292 777 me
310 739 452 776 audias.

317 793 354 829 A
361 792 464 841 mph.
482 789 561 839 En,
582 790 704 829 mitto.
744 790 851 838 Quid
869 790 940 837 vis,
959 791 1125 842 loquere.

339 894 341 896 Ι
638 845 777 894 Bleph.
808 844 901 882 Istic
919 844 1150 892 jamdudum
1173 843 1270 881 mihi

157 898 350 936 Maxuma
378 898 603 937 memoravit
632 899 743 936 mira.
783 897 1038 948 Praestigiator
1064 897 1175 947 forte,
1204 904 1272 934 aut

318 952 520 1000 veneficus,
1219 950 1270 993 70

158 1005 273 1044 Hanc
292 1012 465 1043 excantat
485 1005 555 1043 tibi
573 1005 773 1043 familiam.
801 1003 961 1054 Inquire
978 1003 1155 1042 aliunde:
1186 1003 1273 1042 vide

320 1058 414 1108 quid
433 1058 526 1106 siet3

159 1112 202 1150 N
204 1124 244 1150 ec
262 1118 349 1149 ante
373 1111 476 1149 hunc
506 1111 764 1150 excruciatum
793 1110 976 1149 miserum
999 1110 1130 1159 facias,
1156 1123 1272 1162 quam

319 1177 399 1202 rem
418 1165 622 1215 intelligas.

159 1219 307 1269 Amph.
347 1218 466 1256 Recte
494 1231 649 1256 mones:
681 1230 834 1256 eamus:
860 1224 897 1256 te
930 1216 1135 1256 advorsum
1161 1217 1272 1257 uxori

321 1271 436 1308 etiam
455 1271 680 1311 advocatum
699 1272 798 1310 volo.

190 1429 411 1468 JUP1TER.
439 1431 752 1469 AMPHrrRUo.
782 1432 932 1469 SosxA.
962 1431 1243 1470 BLEPHARo.

161 1538 263 1591 «Jup.
291 1535 391 1596 Quis
412 1543 492 1626 tagi
511 1543 616 1615 vavsto
635 1536 777 1587 impete
798 1536 866 1575 has
890 1537 1001 1575 foreis
1022 1544 1101 1576 toto
1121 1539 1270 1577 convol-

324 1597 373 1626 sit
390 1602 451 1627 car
479 1602 540 1627 me
553 1617 562 1625 .

163 1642 262 1690 Quis
281 1648 368 1679 ante
386 1642 497 1680 aedeis
511 1649 635 1681 tantas
646 1642 793 1682 tamdiu
805 1645 933 1682 turbas
951 1643 1110 1683 concitat
1123 1647 1141 1684 :³
1157 1659 1271 1697 quem

324 1708 355 1732 Sl
374 1708 603 1746 comperero,

165 1747 343 1787 Telebois
361 1748 587 1787 sacruficabo
605 1750 805 1789 Manibus.

601 1804 750 1854 Amph.
777 1804 891 1842 Nihil
905 1812 972 1852 est,
988 1805 1053 1856 (ut
1070 1806 1145 1845 dici
1162 1808 1273 1857 solet)

165 1854 284 1903 Quod
307 1855 420 1894 hodie
446 1858 542 1896 bene
570 1857 745 1896 succedat
764 1858 874 1896 mihi.
920 1859 1083 1898 Deserui
1104 1860 1276 1913 Blepha-

324 1923 457 1948 ronem
476 1918 513 1949 et
531 1911 693 1960 Sosiam,

166 1961 223 2000 Ut
255 1971 459 2013 cognatum
493 1965 727 2003 Naucratem
763 1965 1000 2006 convenirem
1014 1981 1026 2005 ε
1067 1966 1171 2006 hunc
1197 1980 1274 2006 non

323 2017 458 2066 reperi,
480 2025 516 2055 et
533 2018 618 2057 illos
635 2019 794 2070 perdidi.
1248 2024 1273 2060 5

169 2069 243 2108 Sed
274 2083 335 2109 eos
365 2070 496 2131 video:
537 2072 600 2112 ibo
628 2072 844 2124 advorsum,
875 2081 933 2123 ut,
963 2073 1089 2126 siquid
1116 2074 1270 2125 habent,

330 2131 501 2163 selsclter.
