1412 2427
179 67 258 104 300
542 69 769 110 CASINA.
798 66 880 105 III.
909 69 946 105 5.

431 231 615 270 ACTUS
645 231 727 269 ΙΙΙ.
783 230 966 269 SCENA
996 230 1046 267 V.

447 338 764 376 PARDALrscA.
807 338 1022 376 STALlNo.

178 443 303 481 Par-d.
337 443 458 482 Nulla
476 457 577 490 sum,
597 444 704 482 nulla
723 457 805 482 sum
822 457 833 487 ;
865 451 956 489 tota,
976 450 1055 481 tota
1072 442 1202 481 occidi.

176 495 252 535 Cor
270 504 374 535 metu
394 505 588 535 mortuum
603 498 675 544 'st3
703 500 876 536 membra
896 498 1042 535 miserae
1061 503 1241 534 tremunt.

179 550 320 588 Nescio
338 551 440 589 unde
459 551 596 596 auxili,
617 551 782 601 praesidi,
802 550 953 602 perfugi

178 603 258 651 Mi,
279 612 346 642 aut
363 617 496 654 opum,
517 605 663 655 copiam
683 617 913 655 comparem,
934 610 1001 641 aut
1019 609 1208 654 expetam·

177 656 306 694 Tanta
323 657 431 695 factis
448 657 563 695 modo
581 657 679 694 mira
697 658 793 695 veris
811 656 934 694 modis
1263 657 1288 691 5

178 709 284 747 Intu'
305 709 396 758 vidi,
418 723 557 749 novam
576 718 690 762 atque
707 711 892 761 integram
913 708 1123 747 audaciam.

180 762 281 802 Cave
299 763 384 810 tibi,
405 764 635 802 Cleostrata:
667 764 823 802 abscede
842 765 889 801 ab
909 762 994 810 ista,
1015 763 1180 809 obsecro,

177 815 241 853 Ne
259 816 353 867 quid
371 817 410 855 in
430 825 466 855 te
483 817 577 854 mali
595 817 692 854 faxit
709 817 767 854 ira
784 816 935 868 percita.

180 869 328 921 Eripite
346 870 408 908 isti
426 870 612 921 gladium,
633 883 720 920 quae
738 871 796 907 sui
816 877 869 907 est
887 869 1011 920 impos
1029 867 1161 906 animi.

179 925 277 961 Stal.
308 924 412 961 Nam
441 923 534 974 quid
563 932 632 969 est,
663 923 764 974 quod
792 922 872 960 haec
903 922 980 960 huc
1010 921 1144 959 timida
1173 926 1288 972 atque

340 976 556 1014 exanimata
576 976 730 1014 exsiluit
748 975 876 1014 foras?
1239 974 1287 1011 10

180 1029 421 1068 Pardalisca!

412 1084 538 1121 Pard.
573 1084 700 1122 Perii!
732 1083 832 1122 unde
854 1096 950 1122 meae
971 1089 1156 1134 usurpant
1180 1092 1290 1119 aures

515 1138 680 1175 sonitum
695 1139 713 1175 Ρ

179 1190 277 1227 Stal.
311 1190 472 1242 Respice
490 1190 604 1228 modo
623 1191 671 1228 ad
688 1203 764 1228 me.

603 1246 730 1283 Pard.
759 1244 864 1282 Here
882 1244 965 1282 mi!

870 1299 968 1336 Stal.
997 1296 1106 1346 Quid
1125 1295 1194 1335 tibi
1212 1294 1288 1334 'sti'

178 1349 285 1397 Quid
305 1350 439 1389 timida
457 1351 522 1390 es?

517 1406 643 1443 Pard.
673 1406 775 1444 Perii
791 1406 801 1443 !

179 1458 277 1496 Stat.
308 1457 429 1506 Quid,
450 1459 613 1509 peristi?

392 1513 519 1551 Pard.
549 1512 677 1550 Perii!
709 1520 746 1550 et
764 1519 806 1550 tu
824 1512 969 1563 peristi.

659 1567 761 1604 Stal.
787 1566 925 1616 Aperi,
943 1564 1036 1616 quid
1055 1564 1154 1602 tibi?

943 1620 1069 1657 Pard.
1096 1618 1172 1657 Vae
1188 1616 1259 1656 tibi
1273 1617 1293 1654 !.

176 1673 281 1711 Stat.
309 1672 453 1720 Immo,
472 1671 571 1711 istuc
589 1672 659 1711 tibi
677 1673 736 1711 sit.

393 1727 521 1764 Pard.
546 1727 588 1764 N
590 1739 610 1765 e
628 1725 776 1774 cadam,
798 1724 974 1776 (amabo)
992 1732 1077 1764 tene
1093 1737 1171 1764 me.

787 1782 887 1819 Stal.
918 1779 1120 1831 Quidquid
1137 1785 1207 1828 est,
1239 1778 1288 1816 15

177 1832 369 1883 Eloquere
386 1833 483 1870 mihi
502 1833 586 1872 cito.

177 1888 410 1978 Pau-Pard.
437 1886 601 1926 Contine
618 1896 773 1940 pectus3
801 1888 882 1927 face
900 1888 1100 1927 ventulum
1117 1886 1288 1933 (amabo)

265 1952 315 1978 ιο.

337 1995 436 2033 Stal.
484 1995 621 2034 Timeo
649 1997 722 2035 hoc
750 1995 960 2048 negotium,
992 1994 1086 2047 quid
1115 1999 1184 2041 est,
1216 1991 1290 2030 nisi

443 2048 525 2086 haec
542 2050 706 2088 meraclo

180 2100 229 2139 Se
248 2101 400 2153 uspiam
420 2103 602 2153 percussit
620 2104 712 2142 flore
730 2103 891 2155 Libyco.

666 2158 790 2195 Pard.
824 2156 969 2197 Obtine
987 2155 1122 2205 aureis,
1143 2155 1291 2194 amabo.
