1412 2427
410 66 711 106 ASINARIA.
743 66 804 103 ΙΙ.
834 67 875 102 2.
1157 63 1205 101 81

98 175 217 212 Leon.
248 173 351 211 Perii
369 185 438 223 ego
456 172 612 224 oppido,
631 171 705 210 nisi
727 171 922 210 Libanum
946 171 1096 209 invenio
1111 171 1210 220 jam,

256 226 404 264 ubiubi
423 233 478 264 αἱ
496 225 684 277 gentium.
1155 223 1204 260 21

97 281 238 318 Liban.
265 279 351 317 Illic
383 279 498 317 homo
528 278 672 317 socium
702 277 751 316 ad
780 278 923 316 malam
952 289 1033 315 rem
1061 276 1211 328 quaerit,

160 340 163 341 ’
254 346 370 384 quem
389 333 574 382 adjungat
593 331 676 369 sibi.

97 387 139 425 N
141 399 191 425 on
205 387 338 437 placet.
382 387 459 424 Pro
477 394 646 424 monstro
665 385 857 436 extemplo
872 392 940 432 est,
956 383 1123 436 quando,
1144 382 1214 433 qui

256 439 382 486 sudat,
403 439 542 478 tremit.

96 495 215 532 Leon.
242 493 319 532 Sed
336 493 431 544 quid
449 506 518 544 ego
534 493 599 531 hic
617 504 820 544 properans
839 503 1012 531 concesso
1036 489 1210 542 pedibus,

256 547 392 597 lingua
411 546 580 597 largior?

96 600 205 649 Quin
228 613 298 652 ego
329 601 428 638 hanc
453 601 569 650 jubeo
599 607 734 647 tacere,
769 612 856 651 quae
885 599 1045 650 loquens
1073 598 1213 636 lacerat

96 710 235 747 Liban.
255 654 428 758 ἙΞἝΡΞῙ,
455 707 650 745 hominem
677 706 882 753 infelicem,
916 705 984 757 qui
1010 651 1213 757 pati-onai&

255 761 509 811 comprimat!

99 816 220 864 Nam,
241 815 272 854 si
289 814 383 865 quid
401 814 553 853 sceleste
570 814 671 861 fecit,
690 814 824 864 lingua
842 825 911 864 pro
928 812 996 850 ino
1014 813 1171 863 pejerat.

98 871 215 907 Leon.
247 870 534 919 Approperabo,
554 880 614 913 ne,
637 876 722 919 post
739 875 891 918 tempus
909 866 1060 917 praedae,
1083 864 1213 916 praesi-

258 922 366 960 dium
385 934 529 972 parem.

99 976 238 1014 Liban.
267 976 369 1023 Quae
395 974 493 1013 illaec
513 974 642 1026 praeda
661 973 738 1013 ’sti'
767 974 830 1013 ibo
855 973 1074 1020 advorsum,
1101 978 1216 1023 atque

257 1029 437 1075 electam,
458 1028 648 1079 quidquid
667 1037 734 1067 est.

100 1083 130 1120 J
132 1083 230 1120 ubeo
249 1090 286 1120 te
299 1082 440 1119 salvere
457 1094 547 1120 voce
566 1082 735 1128 summa,
748 1080 875 1132 quoad
887 1080 982 1119 vires
1001 1079 1139 1118 valent.
1163 1079 1216 1116 30

102 1137 221 1174 Leon.
249 1134 506 1185 Gymnasium
526 1134 650 1184 flagri,
671 1135 824 1172 salveto.

470 1188 609 1225 Liban.
638 1187 747 1234 Quid
768 1186 863 1237 agis,
884 1193 1008 1224 custos
1026 1185 1181 1224 carceris
1195 1187 1213 1223 ἓ

108 1243 228 1280 Leon.
257 1240 294 1280 O
314 1248 532 1278 catenarum
551 1241 706 1278 colone!

594 1295 732 1332 Liban.
762 1293 800 1332 Ο
820 1293 1013 1344 virgarum
1032 1292 1184 1331 lascivia
1202 1292 1213 1330 Ξ

104 1350 223 1387 Leon.
249 1349 358 1397 Quot
373 1347 506 1400 pondo
525 1347 589 1386 ted
608 1360 689 1385 esse
707 1359 832 1385 censes
850 1346 1031 1384 nudum?

650 1402 789 1438 Liban.
820 1400 913 1438 Non
933 1398 1104 1450 (edepol)
1127 1399 1215 1438 scio.

102 1458 222 1495 Leon.
251 1455 404 1495 Scffiam
430 1467 500 1506 ego
526 1463 562 1493 te
587 1454 754 1492 nescire:
785 1461 825 1491 at
852 1453 952 1505 (pol)
978 1465 1063 1503 ego,
1087 1453 1155 1504 qui
1181 1460 1218 1492 te

261 1508 440 1560 expendi,
460 1509 546 1546 scio.

102 1562 244 1602 Nudus
262 1563 411 1600 vinctus
429 1570 583 1601 centum
601 1561 728 1613 pondo
747 1574 799 1609 es,
819 1559 973 1613 quando
991 1557 1133 1611 pendoe
1151 1571 1220 1609 per

260 1616 387 1668 pedes.
1162 1612 1215 1649 35

109 1672 256 1709 Liban.
284 1669 375 1718 Quo
393 1676 618 1720 argumento
636 1669 733 1707 istuc
745 1670 764 1706 ἶ)

461 1725 579 1761 Leon.
609 1722 697 1774 Ego
718 1722 858 1768 dicam,
879 1733 956 1773 quo
979 1726 1218 1771 argumento,

589 1783 626 1814 et
644 1789 720 1827 quo
739 1775 864 1813 modo.

103 1831 172 1870 Ad
203 1831 317 1881 pedes
348 1830 502 1882 quando
533 1830 712 1881 alligatus
741 1842 794 1877 es,
826 1839 982 1880 aequum
1011 1833 1219 1877 centupon-

264 1884 398 1929 dium3

104 1937 184 1977 Ubi
203 1950 341 1976 manus
351 1937 510 1976 manicae
523 1937 733 1988 complexae
745 1942 847 1984 sunt,
860 1943 974 1986 atque
985 1933 1158 1972 adductae
1170 1931 1218 1970 ad

267 1992 428 2039 trabem,

102 2046 186 2084 Nec
209 2044 404 2096 dependis,
429 2057 497 2084 nec
520 2043 736 2096 propenffis,
760 2043 854 2094 quin
879 2042 1006 2080 malus
1033 2052 1217 2091 nequam-

263 2111 338 2149 que
356 2110 420 2135 sis.

103 2154 241 2192 Liban.
272 2152 344 2190 Vae
362 2150 430 2189 tibi
451 2152 460 2187 Σ
