1412 2427
163 62 237 99 126
464 57 822 99 AULULARIA.
850 56 908 94 ΙΙ.
936 58 974 94 2.

164 167 224 206 Te
241 168 377 205 bovem
397 178 490 214 ωδε,
506 173 543 203 et
561 178 624 204 me
641 177 722 204 esse
739 164 912 203 asellum.
941 162 1021 202 Ubi
1035 170 1160 202 tecum
1178 174 1269 201 con-

321 220 476 268 junctus
494 219 601 266 siem,
1217 218 1268 253 52

167 272 247 312 Ubi
264 284 361 332 onus
382 285 568 363 pequeam
594 272 690 310 ferre
714 271 866 323 pariter,
889 271 1036 319 jaceam
1055 283 1124 321 ego
1143 270 1272 308 asinus

326 338 366 362 m
401 333 466 363 uto
482 339 493 372 ;

171 379 236 417 Tu
255 390 316 416 me
337 380 402 417 bos
420 379 541 429 magis
563 378 666 417 haud
687 377 876 429 respicias,
902 383 1014 416 natus
1039 375 1148 428 quasi
1174 387 1272 414 nun-

329 445 446 483 quam
466 433 571 469 siem.

170 486 225 524 Et
243 484 306 522 ted
324 493 409 522 utar
427 485 626 536 iniquiore,
645 492 683 523 et
700 498 808 523 meus
826 484 915 523 med
932 483 1024 521 ordo
1041 481 1205 520 irridaet.
1224 483 1276 518 55

172 538 367 577 Neutrubi
392 537 554 576 habeam
578 539 710 576 stabile
735 539 942 585 stabulum,
970 536 1001 574 si
1026 535 1120 586 quid
1140 534 1280 600 ᾤἸνοηί
1307 572 1342 593 1⁷

332 590 429 629 fuat.
1008 602 1012 608 ·
1040 603 1043 609 ’
1128 590 1170 613 ν’
1222 590 1224 592 ’
1272 592 1283 607 '¹
1334 595 1336 598 '

174 643 285 681 Asini
303 656 364 682 me
388 644 616 683 mordicibus
641 644 825 691 scindant,
850 645 964 682 boves
989 643 1181 680 incursent
1203 652 1284 679 cor-

335 698 459 735 nibus.
1043 721 1056 731 2
1081 705 1090 720 ,-
1125 698 1128 700 ’

176 751 263 789 Hoc
289 762 475 801 magnum
491 751 537 789 'st
564 751 762 801 periclum,
791 752 839 788 ab
866 749 980 787 asinis
1007 761 1069 786 me
1095 747 1144 786 ad
1171 749 1285 786 boves

337 804 607 842 transcendere.

179 859 292 907 Meg.
322 856 454 903 Quam
487 857 535 895 ad
562 858 698 907 probos
726 856 1008 908 propinquitate
1039 867 1226 907 proxume
1250 861 1288 892 te

341 910 572 959 adjunxeris,

182 964 284 1002 Tam
311 970 516 1014 optumum
545 965 603 1000 'st-
640 963 705 1000 Tu
734 962 985 1001 conditionem
1011 962 1112 1000 hane
1138 960 1288 1010 accipe:

341 1016 512 1054 ausculta
529 1015 639 1064 mihi,
1240 1014 1292 1052 60

184 1069 315 1121 Atque
334 1081 417 1107 eam
437 1068 627 1119 desponde
645 1069 753 1107 mihi.

406 1124 504 1159 Eue.
535 1121 589 1159 At
607 1122 703 1160 nihil
721 1131 776 1161 est
794 1122 906 1169 dotis,
926 1122 1030 1174 quod
1047 1121 1149 1160 dem.

966 1177 1080 1225 Meg.
1107 1175 1171 1213 Ne
1187 1171 1296 1212 duas.

186 1229 411 1269 Dummodo
430 1237 576 1268 morata
594 1237 692 1268 recte
710 1229 850 1278 veniat,
869 1229 998 1267 dotata
1016 1235 1071 1266 est
1087 1227 1189 1266 satis.

187 1287 288 1322 Eue.
321 1284 383 1321 Eo
401 1283 499 1331 dico,
520 1295 568 1320 ne
586 1295 648 1321 me
667 1283 860 1322 thesauros
878 1282 1057 1334 reperiSse
1075 1293 1236 1320 censeas,

189 1339 302 1386 ssleg.
333 1336 460 1384 Novi3
491 1348 539 1374 ne
557 1335 701 1374 doceas.
741 1336 962 1386 Des-ponde.

640 1391 740 1427 Eue.
769 1389 868 1427 Fiat,
918 1389 1007 1437 Sed,
1027 1401 1095 1440 pro
1111 1387 1289 1439 Jupiter!

189 1444 280 1483 Non
299 1455 368 1494 ego
387 1442 538 1494 disperii
550 1443 568 1479 Ρ

352 1497 465 1544 Meg.
491 1495 599 1542 Quid
617 1495 686 1533 tibi
705 1503 759 1534 est
771 1496 788 1531 ’ἓ

450 1551 550 1587 Eue.
579 1548 687 1595 Quid
705 1547 849 1600 crepuit
867 1549 975 1599 quasi
991 1548 1135 1587 ferrum
1152 1547 1294 1586 modo?

192 1604 305 1653 Meg.
334 1602 415 1640 Hic
441 1601 545 1652 apud
571 1614 634 1640 me
659 1602 814 1640 hortum
841 1601 1037 1640 confodere
1059 1601 1168 1652 jussi.
1223 1601 1298 1640 Sed

353 1655 419 1693 ubi
436 1655 498 1693 hic
515 1662 570 1693 est
586 1655 702 1693 homo
714 1655 732 1691 ’Β
1248 1655 1299 1692 66

193 1709 316 1756 Abiit,
335 1720 458 1759 neque
475 1720 539 1746 me
557 1708 752 1747 certiorem
769 1708 880 1747 fecit:
909 1708 1055 1747 fastidit
1070 1709 1158 1747 mei.

195 1762 300 1810 Quia
324 1761 427 1800 videt
452 1774 515 1799 me
541 1774 649 1800 suam
677 1762 883 1800 amicitiam
910 1763 1020 1811 velle,
1048 1775 1153 1801 more
1178 1761 1301 1800 homi-

356 1827 448 1853 num
469 1814 572 1853 facit.

200 1870 320 1916 Nam,
341 1868 372 1907 si
386 1869 588 1920 opulentus
605 1869 636 1907 it
653 1869 815 1921 petitum
833 1869 1066 1921 pauperioris
1082 1869 1259 1921 gratiam,

199 1923 350 1974 Pauper
363 1922 500 1960 metuit
511 1923 739 1974 congrediri:
752 1936 819 1975 per
828 1930 978 1962 metum
990 1924 1092 1962 male
1104 1935 1184 1961 rem
1198 1922 1307 1973 gerit.

200 1975 325 2023 Idem,
345 1975 497 2027 quando
514 1975 612 2014 illaee
624 1977 765 2016 occasio
782 1977 907 2028 periit,
924 1984 1011 2028 post
1027 1989 1108 2015 sero
1121 1976 1238 2026 cupit.

202 2031 301 2067 Euc.
329 2029 370 2068 Si
389 2028 548 2078 (hercle)
566 2042 636 2080 ego
654 2037 691 2068 te
708 2042 785 2069 non
804 2030 1073 2082 elinguandam
1091 2029 1227 2068 dedero
1245 2040 1311 2067 us-

363 2096 439 2134 que
456 2083 504 2121 ab
521 2082 723 2133 radicibus,
1256 2082 1308 2126 72
