1412 2427
478 36 647 75 CASIN
649 36 701 74 A.
733 36 792 75 11.
823 39 861 74 5.
1145 36 1222 73 285

117 141 214 178 Stal.
243 141 331 192 Ego
354 140 459 193 (pol)
479 142 591 181 istam
615 143 698 192 jam
726 143 1010 194 aliquovorsum
1038 141 1229 193 tragulam

274 195 457 234 decidero.
1176 195 1225 234 18

116 246 236 294 Nam,
256 248 288 286 si
304 247 358 287 sic
375 248 472 287 nihil
489 249 692 299 impetrare
713 256 857 300 potero,
879 249 1012 288 saltem
1027 248 1172 287 sortiar.

114 299 178 338 Ibi
195 313 266 351 ego
284 308 321 340 te
339 310 376 340 et
393 302 658 353 suffragatores
675 310 762 341 tuos
787 302 956 341 ulcisoer.

835 357 931 395 Cluz.
961 354 1147 394 Attamen
1175 357 1227 394 20

113 404 179 444 Mi
196 407 366 459 obtinget
388 422 478 448 sors.

279 464 378 500 Stal.
407 463 463 501 Ut
481 462 636 514 quidem
655 461 758 513 (pol)
779 475 908 512 peraes
928 462 1095 500 cruciatu
1113 463 1228 500 malo.

118 514 214 552 Cha.
244 514 310 553 Mi
335 515 402 553 illa
429 518 573 561 nubet3
602 515 817 554 machinare
835 515 939 567 quod
955 516 1075 564 lubet,
1096 516 1230 567 quovis

272 568 398 606 modo.

114 621 214 658 Stat.
240 621 377 659 Abi'n‘
397 622 485 660 hinc
504 623 551 659 ab
571 621 717 660 oculis?

403 676 501 714 Cha.
530 675 680 712 Invitus
698 688 761 714 me
778 675 906 713 vides:
937 673 1064 712 vivam
1083 682 1226 713 tamen.

113 728 212 765 Stal.
254 727 400 766 Sumne
427 741 497 778 ego
529 728 642 766 miser
673 728 817 767 homo?
853 726 978 766 sati’n’
1008 739 1140 767 omnes
1171 742 1228 767 τω

272 789 362 819 sunt
380 782 547 820 advorsae
570 782 694 819 mihi?

111 832 141 870 J
143 845 206 870 am
224 842 368 881 metuo,
393 847 441 873 ne
459 834 734 885 Olympionem
758 846 846 872 mae
862 847 960 873 uxor
978 835 1199 881 exoraverit,

113 886 177 924 Ne
200 886 379 925 Casinam
401 889 526 926 duoet„
570 889 612 927 Si
633 887 673 925 id
696 888 839 926 factum
853 889 916 936 ’st,
941 900 1025 926 eece
1052 901 1115 927 me
1136 890 1225 926 nul-

271 940 355 978 lum
372 953 498 979 senem
513 955 523 978 :
1170 944 1223 979 26

111 992 155 1031 Si
173 1005 249 1030 non
267 993 496 1044 impetravit,
516 994 630 1032 etiam
650 994 800 1045 specula
817 995 857 1032 in
877 995 1009 1033 sortitu
1026 995 1074 1032 'st
1091 995 1202 1034 mihi.

113 1045 155 1084 Si
174 1059 250 1083 sors
268 1055 397 1084 autem
413 1047 625 1095 decula-ssit,
645 1048 818 1098 gladium
836 1048 975 1086 faciam
993 1048 1185 1096 culcitam,

111 1099 294 1151 Eumque
321 1100 553 1138 incumbam.
601 1101 677 1139 Sed
703 1101 942 1152 progreditur
968 1108 1138 1152 optume,
1167 1114 1226 1141 ec-

272 1165 375 1203 cum,
396 1153 595 1205 Olympio.

373 1313 560 1354 ACTUS
588 1313 649 1352 11.
703 1314 890 1353 SCENA
917 1314 970 1354 V.

416 1420 657 1460 OLYMPIO.
695 1422 916 1460 STALINO.

114 1530 244 1578 Olym.
275 1528 367 1588 Una
388 1527 557 1579 (edepol)
577 1527 691 1579 opera
708 1528 748 1566 in
771 1527 929 1566 fumum
950 1527 1118 1566 calidum
1136 1540 1225 1566 con-

112 1636 246 1685 Atque
263 1581 473 1673 itllwlitotorreto
490 1647 553 1672 me
571 1647 639 1686 pro
655 1647 754 1686 pane
772 1634 919 1679 rubido,

114 1688 233 1736 Hera,
253 1700 370 1738 quam
389 1688 503 1725 istam
521 1701 673 1739 operam
689 1701 711 1726 a
729 1701 792 1726 me
809 1688 1000 1739 impetreS,
1015 1687 1119 1739 quod
1137 1701 1225 1738 pos-

114 1796 212 1832 Stal.
240 1793 375 1832 Salvus
394 1806 505 1838 sum3
535 1794 639 1832 salva
657 1807 741 1844 spoe
760 1802 829 1842 est,
850 1802 894 1832 ut
913 1796 1028 1833 verba
1046 1794 1173 1833 audio.

116 1850 248 1896 Olym.
277 1846 384 1893 Quid
397 1854 438 1883 tu
457 1859 519 1884 me
537 1860 623 1884 vero
642 1847 811 1886 libertate
829 1848 975 1886 territas
991 1850 1008 1887 ?
1199 1850 1223 1884 5

112 1901 220 1947 Quid
239 1900 271 1937 si
290 1908 331 1937 tu
349 1899 461 1945 nolis,
481 1899 657 1951 filiusque
675 1900 788 1938 etiam
807 1908 897 1939 tuus
911 1904 928 1939 Ρ

112 1953 234 1992 Vobis
256 1953 397 1997 invitis,
418 1960 532 2003 atque
550 1954 749 1991 amborum
771 1954 956 2005 ingratiis,

112 2006 206 2044 Una
222 2006 353 2044 libella
370 2006 465 2042 liber
482 2017 639 2056 possum
658 2006 750 2044 fieri.

113 2061 212 2098 Stal.
240 2059 349 2106 Quid
366 2059 464 2096 istuc
482 2059 566 2096 ast?
594 2060 752 2109 quicum
770 2060 911 2111 litigas,
931 2059 1144 2112 Olympio?

117 2113 246 2162 Olym.
275 2112 377 2152 Cum
395 2110 544 2161 eadem,
565 2112 643 2162 qua
661 2120 704 2152 tu
722 2125 883 2163 semper.
