1412 2427
193 45 271 83 202
485 42 823 83 BACCHIDES.
855 41 930 80 1v.
962 43 1001 80 6.

429 203 614 242 ACTUS
643 201 719 240 1v.
774 201 962 241 SCENA
991 202 1067 241 VI.

437 310 720 348 Nmonoms.
763 308 1059 348 CHRYSALUS.

192 418 244 455 Ν
245 418 292 454 ὅσ.
315 415 449 454 Nimio
466 415 563 453 illaec
582 426 640 452 res
659 422 714 453 est
731 427 882 466 magnae
899 413 1051 452 dividiae
1068 413 1178 462 mihi,

190 469 469 520 subterfugisse
487 469 538 507 sic
556 468 651 505 mihi
669 468 781 506 hodie
801 467 1043 518 Chrysalum.

193 524 288 563 Chr.
317 523 453 562 Salvus
472 535 582 560 sum:
612 521 730 560 iratus
749 530 803 559 est
821 533 948 559 senex.
993 521 1111 559 Nunc
1129 527 1186 559 est
1203 519 1300 559 mihi

188 576 374 615 Adeundi
392 575 441 614 ad
458 575 654 613 hominem
674 583 840 624 tempus.
1262 616 1265 618 ,

722 629 775 665 N
776 629 820 664 ic.
850 625 950 674 Quis
967 626 1136 679 loquitur
1153 627 1297 680 prope?

188 682 322 735 Atque
339 682 402 722 hic
420 681 574 734 quidem
597 680 767 732 (opinor)
787 679 1038 732 Chrysalu’st.

909 734 1004 773 Chr.
1032 734 1246 773 Accessero.
1272 736 1299 772 5

186 791 284 828 Nic.
314 790 425 829 Bone
447 801 566 835 serve,
591 787 717 826 salve!
749 786 858 835 Quid
875 787 949 825 fit?
979 800 1096 839 quam
1121 800 1214 826 mox
1231 799 1300 825 na-

417 854 441 880 o

186 896 237 935 In
259 855 474 948 Ephggum'
501 901 545 933 ut
566 906 703 933 aurum
732 901 900 945 repetam
929 895 978 932 ab
1004 893 1208 932 Theotimo
1232 893 1300 933 do-

349 961 460 986 mum
473 947 492 984 ’ἓ

186 1001 308 1040 Taces
320 1002 339 1039 ἱ)
369 1003 443 1040 Per
461 1013 592 1040 omnes
611 999 714 1038 Deos
732 998 881 1049 adjuro,
902 1006 960 1048 ut,
978 1000 1020 1038 ni
1037 1012 1168 1038 meum

185 1055 359 1093 Gnatum
387 1062 468 1092 tam
495 1066 637 1101 amem,
665 1059 779 1104 atque
801 1052 836 1091 ei
859 1052 958 1092 facta
981 1053 1134 1104 cupiam
1159 1066 1246 1105 quae
1266 1053 1299 1092 is

349 1108 454 1156 velit,

183 1162 241 1200 Ut
256 1169 325 1199 tua
340 1163 421 1211 jam
441 1161 556 1212 virgis
573 1161 691 1199 latera
708 1159 918 1198 lacerentur
935 1162 1066 1211 probe,
1244 1160 1297 1199 10

183 1214 438 1266 Ferratusque
455 1215 496 1252 in
514 1214 673 1266 pistrino
692 1220 841 1251 aetatem
860 1221 1041 1252 conteras.

184 1267 330 1306 Omnia
348 1268 480 1306 rescivi
499 1267 635 1306 scelera
654 1279 701 1305 ex
721 1266 962 1305 Mnesilocho
976 1274 1057 1305 tua.

186 1322 281 1360 Chr.
323 1321 433 1360 Men’
467 1319 745 1359 criminatu'st?
787 1319 962 1371 Optume
991 1320 1063 1359 ’stz
1107 1334 1179 1373 ego
1209 1332 1296 1360 sum

342 1374 469 1413 malus
485 1387 498 1419 3

179 1428 268 1479 Ego
286 1441 372 1466 sum
391 1440 505 1474 sacer,
525 1427 725 1466 scelestus:
756 1432 882 1478 specta
904 1438 985 1464 rem
1003 1426 1143 1466 modo:

180 1482 268 1533 Ego
289 1480 399 1532 [nec]
420 1482 579 1519 verbum
596 1480 748 1518 faciam.

605 1534 658 1571 N
658 1535 703 1570 ic.
732 1532 878 1581 Etiam,
900 1531 1096 1582 camufex‚
1246 1533 1295 1572 15

180 1587 368 1626 Minitare
378 1586 397 1623 ‘t'

397 1640 493 1679 Chr.
525 1640 670 1678 Nosces
688 1645 732 1677 tu
753 1638 866 1676 illum
884 1644 1072 1689 actutum,
1092 1640 1217 1692 qualis
1235 1640 1296 1681 sit.

178 1694 222 1732 N
222 1706 298 1732 unc
315 1693 427 1731 hasce
445 1693 602 1731 tabellas
620 1693 717 1731 ferre
735 1704 799 1730 me
813 1691 926 1740 jussit
943 1691 1028 1729 tibi.

178 1748 340 1794 Orabat,
360 1754 418 1794 ut,
439 1746 543 1797 quod
557 1746 640 1785 istic
659 1752 755 1785 esset
774 1745 972 1796 scriptum,
991 1744 1032 1783 id
1050 1746 1166 1786 fieret.

180 1802 234 1839 N
233 1803 280 1840 ic.
311 1799 427 1838 Cedo.

341 1854 438 1892 Clzr.
468 1853 594 1891 Nosce
613 1850 782 1901 signum.

615 1906 715 1944 Nic.
742 1905 858 1944 Novi.
905 1904 986 1944 Ubi
1004 1905 1085 1956 ipse
1102 1907 1186 1946 est?

1015 1960 1109 1997 Chr.
1139 1961 1183 1998 N
1183 1960 1293 1999 fficio.

176 2013 290 2052 Nihil
302 2015 386 2064 jam
402 2025 465 2052 me
483 2018 628 2063 oportet
645 2011 737 2049 scire
753 2026 764 2049 :
795 2011 936 2050 oblitus
954 2024 1039 2050 sum
1060 2013 1201 2052 omnia.
1238 2015 1291 2051 20

176 2067 263 2106 Scio
281 2081 344 2106 me
362 2080 440 2106 esse
458 2077 610 2104 servum
626 2079 638 2102 z
664 2064 789 2103 nescio
808 2065 922 2103 etiam
940 2065 981 2103 id
999 2065 1102 2116 quod
1119 2066 1209 2111 scio.

177 2121 296 2160 Nunc
313 2121 362 2160 ab
380 2119 585 2159 transenna
604 2117 666 2156 hic
685 2117 819 2156 turdus
837 2118 1071 2158 lumbricum
1087 2119 1183 2169 petit
1200 2134 1211 2157 ι
