1412 2427
168 29 217 71 78
510 26 808 66 ASINARIA.
835 29 868 67 Ι.
894 30 932 65 3.

172 135 324 183 Argyr.
354 133 408 171 At
435 145 526 183 ego:
557 140 611 171 &st
639 132 767 180 etiam,
796 132 1019 185 priusquam
1048 133 1145 179 abis,
1174 133 1275 183 quod

336 186 449 224 volol
503 186 556 223 ui.

453 199 502 237 oq
552 240 684 277 Cleaer.
711 238 801 286 Dic,
831 238 934 289 quod
950 240 1069 277 lubet.

181 295 338 343 Argyr.
368 293 458 330 Non
483 292 638 329 omnino
659 293 742 341 jam
758 292 877 342 perii:
908 300 963 331 est
983 291 1188 342 reliquum,
1209 306 1285 343 quo

391 357 545 396 peream
563 345 698 395 magis.
1232 346 1284 383 80

183 399 333 446 Habeo,
361 398 462 436 unde
488 398 585 436 istuc
611 397 694 442 tibi,
721 397 823 449 quod
851 398 985 447 poscis,
1014 397 1126 435 dem:
1157 397 1222 436 sed
1245 398 1286 435 in

341 452 442 502 leges
459 463 564 489 meas

184 505 311 552 Dabo,
330 513 374 542 ut
393 503 486 542 scire
503 503 633 554 possis,
659 511 884 555 perpetuum
911 515 1055 541 annum
1073 502 1176 541 hunc
1195 502 1290 541 mihi

345 557 402 595 uti
420 557 556 594 serviat

187 612 271 649 Nec
307 621 538 661 quemquam
559 584 715 647 ’interea
750 610 867 647 alium
905 609 1081 647 admittat
1122 621 1289 659 prorsus,

346 675 462 714 quam
484 675 560 709 me,
580 662 629 700 ad
649 675 687 700 se
705 662 842 700 virum.

190 718 322 756 Clcaer.
349 716 472 763 Quin,
496 715 528 752 si
552 722 594 753 tu
618 715 732 762 voles,
759 715 864 752 domi
886 715 982 753 servi
999 714 1068 766 qui
1089 722 1191 762 sunt,
1213 727 1291 753 cas-

345 770 451 806 trabo
469 768 581 806 viros.

190 823 399 868 Postremo,
419 830 462 859 ut
481 822 582 859 voles
600 833 668 859 nos
694 833 786 870 esse,
817 821 1072 872 syngrapham
1100 820 1213 859 facito
1238 820 1295 858 af-

347 874 455 912 feras.
1242 875 1293 910 85

190 929 245 966 Ut
263 927 378 975 voles,
399 936 441 965 ut
459 927 527 964 tibi
546 927 704 976 lubebit,
725 928 832 966 nobis
849 927 973 977 legem
991 927 1201 978 imponito:

190 981 313 1019 Modo
340 987 465 1018 tecum
511 981 590 1018 una
618 988 818 1031 argentum
842 980 999 1025 afferto3
1038 979 1148 1018 facile
1175 979 1297 1031 patiar

352 1041 493 1071 caetera.

192 1086 424 1126 portitorum
443 1085 660 1124 simillumae
675 1094 764 1124 sunt
777 1088 906 1136 januae
923 1085 1082 1124 lenoniae
1098 1100 1109 1124 ε

192 1140 235 1179 Si
261 1139 385 1185 affers,
413 1147 496 1177 tum
524 1147 682 1190 patent:
712 1139 744 1177 si
771 1151 847 1177 non
875 1145 931 1177 aet
958 1138 1062 1190 quod
1088 1139 1171 1186 des,
1200 1137 1299 1177 aedes

352 1204 428 1230 non
446 1200 588 1243 patent.

194 1247 348 1296 Argyr.
367 1246 513 1292 Interii,
527 1246 561 1283 si
578 1257 655 1283 non
672 1245 822 1283 invenio
836 1244 1000 1296 egoiuas
1012 1244 1147 1296 viginti
1164 1245 1302 1283 minas.

196 1300 250 1338 Et
267 1298 447 1350 profecto,
468 1299 540 1337 nisi
562 1297 658 1336 iuud
681 1298 797 1348 perdo
821 1305 1036 1348 argentum,
1062 1297 1300 1350 pereundum

196 1406 314 1443 Nunc
331 1351 551 1469 Ρέἕςζῑὲἱζᾶ
568 1404 707 1451 forum,
722 1411 835 1456 atque
846 1404 1016 1456 experiar
1026 1403 1176 1454 opibus,
1196 1351 1300 1442 onffli

197 1470 729 1562 Supplicacggssagxobsecrabm
758 1517 801 1548 ut
828 1523 1019 1563 quemque
1049 1511 1216 1549 amicum
1246 1511 1302 1549 vi-

197 1563 563 1707 Dignos‚d{{)q1³gnos
595 1616 711 1663 adire,
745 1623 858 1668 atque
891 1617 1063 1669 experiri,
1092 1624 1237 1655 certum
1258 1617 1305 1655 ’st

360 1682 397 1706 m
441 1682 466 1707 1.

199 1724 318 1771 Nam,
340 1723 369 1761 ω’
387 1730 539 1762 mutuas
559 1735 632 1761 non
655 1730 797 1774 potero,
817 1730 961 1762 certum
982 1725 1042 1771 'sq
1068 1735 1219 1762 sumam
1236 1723 1304 1761 foe-

359 1788 461 1814 nore.
1249 1778 1301 1815 95
