1412 2427
432 23 805 64 AMPHITRUO.
837 25 895 63 ΙΙ.
930 27 962 63 1.
1202 31 1251 67 29

339 131 416 168 803.
446 130 560 170 Prius
577 131 701 170 multo
722 140 810 169 ante
829 131 940 169 aedeis
959 133 1120 180 stabam,
1141 147 1260 185 quam

408 183 475 222 illo
493 184 730 223 adveneram.
1207 189 1259 224 56

143 237 281 287 Amph.
302 236 412 329 (ἔξω
427 238 594 289 (malum
610 238 643 288 2)
663 240 816 289 nugas?
838 265 848 276 .
868 263 879 274 .
905 264 914 276 .
936 237 1072 276 Sati'n’
1088 245 1131 276 tu
1146 252 1261 278 sanus

410 346 487 383 Sos.
516 346 580 384 Sic
594 359 694 391 sum,
715 354 759 384 ut
778 345 896 383 vides.

145 398 283 448 Amph.
318 398 424 436 Huic
440 399 588 437 homini
615 399 853 450 nescio-quid
872 406 927 438 αεὶ
947 398 1041 436 mali
1068 399 1172 438 mal&
1190 401 1260 438 ob-

302 453 447 501 jectum
465 465 598 500 manu,

146 506 358 557 Postquam
377 519 399 543 a
416 519 479 544 me
497 507 602 545 abiit.

588 561 668 599 803.
697 561 858 599 Fateor:
888 572 980 598 nam
998 573 1086 599 sum
1104 561 1262 600 obtusus

648 615 790 665 pugnis
808 627 996 666 pessume.

146 666 286 717 Amph.
314 666 413 715 Quis
432 674 469 705 te
488 668 696 706 verberavit
710 671 727 706 Ρ

606 721 685 760 803.
712 722 880 773 Egomet
897 729 1054 769 memet,
1073 721 1142 773 qui
1160 733 1262 760 nunc

682 788 769 814 sum
788 776 906 814 domi.
1210 776 1263 813 60

146 828 284 879 Amph.
314 828 431 877 Cave,
452 829 679 882 quidquam,
708 829 782 868 nisi
800 830 904 881 quod
930 830 1070 881 rogabo
1087 836 1139 878 te,
1166 829 1262 867 mihi

306 883 555 934 raeponderis.

146 935 338 975 Omnium
356 937 542 987 primum,
562 936 632 975 iste
650 936 717 988 qui
735 937 784 976 sit
803 938 924 986 Sosia,
943 938 1016 976 hoc
1034 935 1108 974 dici
1126 935 1226 974 volo.

144 992 224 1027 Sos.
256 990 369 1028 Tuus
387 998 444 1028 est
463 1003 603 1029 servus.

556 1044 696 1094 Amph.
726 1043 832 1082 Mihi
850 1044 1006 1095 quidem
1026 1056 1104 1082 uno
1121 1051 1158 1081 te
1175 1043 1263 1094 plus

607 1097 786 1143 etiam’st‚
807 1110 925 1148 quam
944 1098 1054 1135 volo:

149 1151 300 1202 Neque,
322 1158 526 1202 postquam
545 1163 631 1188 sum
649 1158 776 1198 natus,
794 1150 928 1198 habui,
947 1151 1023 1189 nisi
1041 1158 1091 1198 te,
1112 1162 1262 1188 servum

310 1204 469 1243 Sosiam.

148 1258 226 1295 803.
245 1258 305 1296 At
322 1271 392 1309 ego
411 1270 527 1306 nunc,
543 1257 797 1309 Amphitruo,
816 1257 922 1296 dicoz
947 1257 1096 1296 Sosiam
1114 1269 1265 1295 servum

310 1320 438 1359 tuum,
1212 1311 1265 1348 65

149 1366 291 1404 Praeter
309 1378 386 1411 me,
412 1365 591 1413 alterum,
619 1365 794 1416 inquam,
814 1364 1030 1412 adveniens,
1050 1364 1203 1411 faciam,
1222 1371 1266 1402 ut

309 1419 476 1457 offendas
495 1419 613 1465 domi,

150 1473 261 1511 Davo
273 1482 504 1524 prognatum
518 1487 530 1518 ς
551 1481 658 1524 patre
672 1472 804 1511 eodem
819 1485 896 1523 quo
911 1484 981 1523 ego
997 1485 1108 1518 sum;
1130 1471 1266 1516 forma,

312 1535 421 1565 aetate
438 1535 545 1573 nem,

148 1579 240 1628 Qu&
258 1593 328 1632 ego
347 1593 446 1618 sum.
502 1580 610 1627 Quid
629 1580 757 1631 opu'st
775 1579 929 1619 verbis?
959 1579 1136 1630 geminus
1159 1579 1267 1619 Sosia

310 1634 376 1672 hic
393 1633 547 1672 factu'st
565 1633 645 1672 tibi.

152 1688 290 1739 Amph.
321 1688 456 1726 Nimia
474 1700 662 1726 memoras
679 1687 788 1725 mira.
828 1687 905 1726 Sed
922 1686 1089 1725 vidistin'
1107 1699 1267 1725 uxorem

310 1754 437 1780 meam
451 1743 468 1780 ?

153 1795 231 1834 803.
250 1794 358 1841 Quin
376 1795 528 1833 introire
546 1794 586 1833 in
607 1795 718 1833 aedeis
737 1807 937 1846 nunquam
958 1793 1109 1832 licitum
1131 1794 1190 1833 'st-

626 1849 765 1899 Amph.
785 1848 886 1896 Quis
904 1856 941 1886 te
958 1848 1154 1899 prohibuit
1168 1850 1186 1887 ?
1215 1849 1267 1892 70

152 1902 228 1940 803.
257 1902 366 1941 Sosia
391 1901 469 1948 ille,
497 1916 612 1955 quem
631 1902 863 1952 jamdudum
891 1902 1005 1948 dico;
1031 1901 1077 1950 is,
1107 1902 1175 1953 qui
1203 1914 1266 1939 me

312 1956 497 1994 contudit.

153 2010 290 2060 Attcplz.
322 2010 421 2058 Quis
440 2010 522 2048 istic
541 2010 648 2049 Sosia
666 2011 714 2049 ’st
730 2012 748 2048 Ρ

500 2064 576 2103 Sos.
606 2065 706 2115 Ego,
727 2064 899 2114 inquam.
959 2064 1120 2112 Quoties
1139 2063 1269 2102 dicen-

562 2118 655 2155 dum
677 2118 722 2155 ’st
743 2117 811 2155 tibi
825 2119 842 2154 :⁴

1035 2182 1061 2207 ι)
1084 2172 1107 2204 ,ἰ
