1412 2427
467 57 798 96 CAPTEIVEI.
829 58 889 96 11.
916 59 954 95 2.
1181 58 1260 95 233

406 217 594 256 ACTUS
624 217 683 256 ΙΙ.
710 217 896 256 SCENA
925 217 984 256 11.

219 317 222 318 ⁷
247 324 419 362 Ηεῦιο.
467 324 817 362 PHILOCRATES.
868 323 1146 364 TYNDARL’S.

140 434 248 482 Heg.
274 433 370 470 Jam
391 443 478 492 ego·
485 438 650 468 revortar
675 430 789 478 intro,
816 431 848 468 si
866 443 914 469 ex
941 430 1015 479 his,
1041 443 1128 482 quae
1150 431 1249 479 volo,

332 484 581 536 exquisivero.

138 534 219 573 Ubi
247 545 336 625 sulfit
365 538 442 614 1511,
473 550 569 590 quos
601 544 688 576 ante
717 536 828 576 aedeis
861 537 958 588 jussi
985 536 1063 575 huc
1094 537 1252 588 produci

137 642 287 679 Philoc.
299 603 498 748 (11ῗῇξὲῙέ
502 644 572 682 tibi
593 657 642 682 ne
671 644 870 695 quaestioni
890 657 1070 692 aesemus,
1093 651 1250 683 cautum

297 696 376 735 inte

137 749 199 787 Ita
218 748 351 788 vinclis
368 727 624 802 custodiisque
641 750 928 789 circummoeniti
946 763 1093 789 sumus.

134 804 246 852 Heg.
286 803 368 851 Qui
400 812 519 850 cavet,
553 817 601 843 ne
633 804 855 855 decipiatur,
886 804 952 843 vix
979 812 1099 854 cavet,
1130 817 1249 856 quom

295 857 410 896 etiam
429 866 545 896 cavet.
1221 861 1246 896 5

134 909 266 948 Etiam
283 924 402 962 quom
429 912 570 950 cavisse
596 910 744 958 ratu’st,
774 923 873 963 saepe
899 912 932 950 is
959 919 1089 950 cautor
1116 919 1249 964 captus

293 972 362 1003 aet.

133 1017 202 1055 An
221 1030 308 1055 vero
327 1029 404 1056 non
419 1019 523 1068 justa
541 1031 655 1057 causa
668 1020 728 1065 ’st,
748 1025 792 1056 ut
809 1031 875 1056 vos
893 1030 1037 1056 servem
1056 1018 1201 1064 sedulo,

134 1070 245 1117 Quos
265 1078 344 1108 tam
363 1072 499 1122 grandi
519 1072 590 1110 sim
608 1080 798 1110 mercatus
816 1072 991 1122 praesenti
1009 1071 1196 1123 pecunia?
1266 1109 1268 1111 .

133 1124 286 1162 Philoc.
328 1125 468 1176 Neque
513 1125 626 1177 (pol)
657 1125 728 1163 tibi
763 1137 845 1169 nos,
888 1125 980 1176 quia
1007 1137 1076 1163 nos
1108 1138 1247 1175 servas,

294 1191 449 1229 aequum
462 1179 510 1217 'st
528 1179 619 1217 vitio
637 1187 803 1223 vortere3

132 1230 272 1282 Neque
291 1238 328 1269 te
346 1232 468 1279 nobis,
490 1233 521 1270 si
540 1234 719 1270 abeamus
737 1232 840 1278 hinc,
862 1232 893 1270 si
909 1232 994 1269 fuat
1012 1232 1168 1271 occasio.
1199 1233 1247 1271 10

131 1286 243 1334 Heg.
269 1285 325 1324 Ut
343 1298 409 1323 vos
432 1285 511 1334 hic,
531 1285 664 1324 itidem
688 1285 767 1324 illic
791 1285 894 1336 apud
912 1298 977 1324 vos
994 1297 1103 1324 meus
1122 1299 1245 1325 serva-

292 1346 355 1376 tur
372 1338 485 1377 filius.

133 1392 286 1430 Philoc.
318 1392 464 1443 Captus
483 1392 565 1431 aet?

237 1446 346 1496 Heg.
378 1446 398 1483 Ι
403 1456 452 1483 ta

308 1501 463 1538 Plziloc.
494 1499 587 1537 Non
605 1499 721 1551 igitur
741 1512 809 1538 nos
828 1499 926 1538 soli
915 1498 1046 1550 ignavi
1062 1498 1246 1538 fuvimus.

129 1554 239 1604 Heg.
263 1553 401 1593 Secede
418 1553 519 1591 huc:
550 1565 642 1591 nam
660 1561 764 1602 sunt,
785 1567 833 1592 ex
857 1562 894 1591 te
913 1567 1000 1604 quae
1018 1553 1098 1591 solo
1120 1552 1245 1592 scitari

286 1607 396 1645 volo·
384 1636 396 1654 ‚

128 1660 307 1708 Quarum
324 1673 453 1699 rerum
471 1668 508 1699 te
526 1660 773 1713 falsiloquum
791 1661 887 1698 1111111
906 1673 985 1699 esse
998 1659 1099 1698 nolo.

874 1715 1026 1753 Plziloc.
1053 1715 1095 1752 N
1096 1726 1145 1753 on
1163 1727 1240 1763 ero,

128 1767 247 1816 Quod
279 1767 406 1806 sciam.
441 1767 483 1807 Si
513 1768 607 1819 quid
637 1768 792 1816 naecivi,
822 1767 862 1806 id
894 1768 1064 1806 nescium
1093 1767 1242 1806 tradam

287 1821 369 1859 tibi.
1192 1822 1241 1858 15

135 1876 262 1926 Tynd.
289 1875 407 1913 Nunc
426 1887 539 1913 senex
558 1882 613 1913 est
631 1874 671 1911 in
697 1875 905 1914 tonstrina.
895 1889 905 1898 ·
935 1886 1038 1913 nunc
1052 1875 1134 1924 jam
1160 1874 1241 1912 cul-

289 1936 365 1966 tros
382 1928 527 1966 attinet„

128 1982 220 2026 Ne
209 1995 242 2021 1s
260 1981 416 2034 quidem
434 1981 655 2020 involucre
644 1982 796 2032 injicere
814 1982 949 2030 voluit,
971 1989 1114 2020 vestem
1132 1987 1176 2019 ut
1195 1992 1242 2018 ne

287 2035 473 2086 inquinet.

129 2089 203 2128 Sed
232 2097 379 2136 utrum,
411 2089 617 2128 strictimne
650 2097 889 2128 attonsarum
917 2088 1042 2127 dicam
1072 2100 1164 2135 esse,
1195 2098 1244 2124 an

283 2155 351 2194 per
368 2142 570 2194 pectinem,

1010 2196 1081 2231 x3
