1412 2427
209 64 287 101 230
515 63 842 102 CAPTEIVEI.
870 63 929 102 ΙΙ.
960 64 975 100 l

559 172 662 220 Erg.
691 170 824 209 Hem!
856 170 1007 220 veljam
1026 169 1147 207 otium
1167 175 1235 207 est.
1262 168 1312 212 74

210 225 317 273 Heg.
346 222 367 260 I
387 222 513 270 modo,
534 236 668 262 venare
685 224 876 275 leporem:
906 235 1008 260 nunc
1027 235 1125 260 erem
1145 230 1260 260 tenae.

211 278 317 314 Nam
338 289 444 314 meus
463 289 679 328 scruposam
695 280 815 315 victus
836 275 1076 325 [commetat]
1096 276 1210 313 viam.
1262 275 1315 319 76

211 332 315 379 Erg.
345 330 558 381 Nunquam
586 330 680 368 istoc
709 330 833 368 vinces
861 343 936 378 me,
969 329 1097 379 Hegio
1112 342 1124 375 3
1152 341 1200 366 ne
1227 340 1315 379 pos-

371 383 490 421 tulae:

213 436 315 474 Cum
333 436 504 474 calceatis
522 435 698 474 dentibus
715 435 865 474 veniam
884 444 1023 474 tamen.

211 490 323 539 Hcg.
349 490 476 540 Asper
494 502 603 528 meus
622 489 743 528 victus
761 502 850 528 sane
868 488 928 527 'st.

849 544 950 592 Erg.
970 541 1163 582 Senteisne
1181 541 1289 580 esitas
1303 543 1321 580 ?

213 597 320 643 Heg.
350 595 552 634 Terrestris
576 602 737 635 coena'st

623 652 724 699 Erg.
752 649 826 688 Sus
846 648 1026 687 terrestris
1044 647 1162 687 bestia
1181 648 1240 686 'st.
1269 649 1320 686 80

214 704 322 752 Heg.
353 701 492 740 Multis
506 703 679 741 oleribus.

690 758 793 806 Erg.
824 756 966 795 Curato
983 762 1141 806 aegrotos
1158 754 1274 793 domi.

213 808 420 860 Numquid
438 808 494 847 vis
508 810 526 846 Ρ

481 863 590 911 Heg.
619 861 762 901 Venias
780 862 951 913 tempori.

808 918 909 964 Erg.
941 916 1156 953 Memorem
1176 927 1320 952 mones.

214 970 320 1017 Heg.
348 968 421 1006 Ibo
438 968 551 1014 intro,
571 975 685 1018 atque
702 968 805 1007 intus
824 968 1030 1006 subducam
1052 968 1319 1014 ratiunculam,

213 1022 461 1069 Quantillum
480 1021 625 1072 argenti
643 1021 739 1059 mihi
758 1022 860 1073 apud
879 1022 1099 1082 trapezitam
1118 1021 1200 1060 siet·

214 1075 281 1113 Ad
300 1075 469 1123 fratrem,
488 1087 564 1126 quo
583 1074 637 1112 ire
655 1074 842 1123 dixeram,
861 1087 954 1113 mox
971 1075 1084 1113 ivero.
1271 1075 1323 1111 85

476 1234 664 1274 ACTUS
694 1235 754 1274 II.
809 1235 994 1274 SCENA
1023 1234 1059 1273 Ι.

308 1343 535 1381 LoRARn.
575 1343 919 1381 PmLoanTEs.
961 1340 1237 1380 TYNDARUS.

217 1450 313 1488 Lor.
341 1449 382 1488 Si
401 1449 470 1487 Dii
488 1448 719 1488 immortales
746 1448 786 1486 id
804 1449 970 1495 voluere,
990 1461 1056 1486 vos
1073 1448 1171 1486 hanc
1189 1461 1328 1486 aerum-

376 1515 467 1541 nam
481 1503 648 1554 exsequi,

217 1555 338 1594 Decet
355 1555 396 1593 id
419 1557 500 1607 pati
521 1557 649 1595 animo
674 1568 805 1607 aequo:
837 1555 869 1593 si
891 1554 931 1592 id
954 1554 1110 1602 facietis,
1132 1554 1249 1593 levior
1271 1556 1328 1593 la-

379 1610 445 1647 bos
465 1609 547 1646 erit.

218 1661 340 1699 Domi
356 1661 479 1700 fuistis
497 1659 644 1713 (credo)
661 1661 794 1699 h‘beri:

219 1715 339 1753 Nunc
363 1715 521 1754 servitus
546 1714 576 1753 si
601 1714 739 1761 evenit,
765 1715 801 1753 ei
824 1727 890 1753 vos
914 1713 1133 1765 morigerari
1155 1726 1240 1753 mos
1260 1716 1330 1753 bo-

380 1772 500 1816 nu'st‚

217 1821 396 1872 Eamque
422 1822 532 1860 herili
557 1821 717 1871 imperio
743 1821 904 1873 ingeniis
931 1821 1064 1860 vostris
1089 1821 1216 1860 lenem
1242 1821 1327 1860 red-

409 1888 481 1914 ere.
1303 1877 1331 1912 5

221 1927 389 1979 Indigna
405 1928 521 1980 digna
535 1928 711 1967 habenda
729 1936 831 1976 sunt,
850 1929 965 1968 herus
983 1941 1070 1980 quae
1084 1928 1185 1967 facit.

913 1984 1066 2021 Philoc.
1094 1982 1162 2021 Oh
1182 1981 1233 2020 oh
1251 1981 1327 2020 oh!

222 2035 317 2073 Lor.
345 2035 567 2084 Ejulatione
591 2035 696 2073 haud
719 2035 870 2086 opu'stz
905 2034 1043 2084 [oculis
1068 2036 1233 2074 multam
1257 2034 1332 2073 mi-

384 2089 519 2127 seriam
533 2088 704 2140 additis]

224 2141 273 2179 In
293 2154 332 2180 re
349 2142 453 2180 malz&⁴
472 2143 599 2180 animo
619 2142 648 2180 si
667 2144 903 2192 bonoratare,
924 2142 1096 2192 adjuvat-
