1412 2427
486 56 817 96 CAPTEIVEI.
847 57 883 95 Ι.
911 59 948 94 2.
1196 58 1274 100 227

167 163 355 216 Aliquem
371 162 554 211 invenire,
575 175 689 201 suum
707 176 785 215 quo
802 170 926 201 mutet
945 163 1080 201 filium.
1224 164 1278 201 33

167 217 286 265 Quod
304 230 373 268 ego
392 216 548 268 quidem
565 216 680 255 nimis
698 229 816 268 quam
835 216 944 267 cupio
962 225 1005 254 ut
1024 218 1224 268 impetret:

167 271 288 319 Nam,
309 271 350 308 ni
367 270 480 308 illum
498 269 645 321 recipit,
664 270 763 308 nihil
782 278 836 308 est
855 283 933 321 quo
950 282 1013 308 me
1031 271 1222 322 recipiam.

168 324 291 362 Nulla
305 323 516 374 juventutis
535 331 590 362 est
608 336 692 374 spes
707 339 718 361 z
750 336 830 362 sese
848 335 979 361 omnes
998 336 1141 362 amant.
1225 325 1278 361 36

167 377 242 415 Ille
260 378 418 416 demum
437 377 603 428 antiquis
618 385 674 416 est
691 377 906 415 adolescens
923 377 1118 423 moribus;

169 430 274 475 Quoi
292 443 492 482 nunquam
510 431 658 469 voltum
676 430 920 482 tranquillavi
938 431 1081 481 gratiis.

168 484 367 536 Condjgne
386 492 441 522 est
458 492 564 536 pater
583 486 664 534 ejus
681 495 850 523 moratus
868 484 1051 522 moribus.

168 538 286 576 Nune
304 538 354 576 ad
371 551 460 576 eum
478 551 650 589 pergam.
688 538 763 577 Sed
781 539 946 590 aperitur
962 537 1118 585 ostium,
1229 539 1281 575 40

166 591 282 629 Unde
300 591 494 630 saturitate
513 604 612 642 saepe
630 605 700 643 ego
718 592 794 630 exii
813 592 951 631 ebrius.

431 752 618 792 ACTUS
645 752 681 791 Ι.
736 752 922 792 SCENA
951 752 1012 790 II.

338 860 513 898 HEGIO.
543 859 800 897 LORARIUS.
827 859 1110 897 ERGASILUS.

166 968 274 1016 Heg.
300 966 473 1004 Advorte
491 966 665 1004 animum
684 966 734 1004 sis
754 974 818 1004 tu:
849 967 938 1005 istos
957 967 1123 1018 captivos
1140 966 1250 1010 duos,

166 1021 271 1058 Here
289 1033 385 1071 quos
404 1020 479 1058 emi
497 1020 544 1058 de
562 1019 704 1070 praeda,
725 1020 772 1058 de
790 1021 1054 1072 quaestoribus,

167 1073 242 1111 His
260 1073 382 1111 indito
400 1081 548 1112 catenas
567 1073 814 1134 singularias;

167 1127 265 1165 Istas
287 1128 462 1177 majores,
483 1128 623 1178 quibus
642 1135 732 1164 sunt
750 1127 880 1173 vincti,
901 1127 1070 1172 demit03

167 1180 288 1219 Sinito
306 1182 514 1228 ambulare,
536 1181 567 1219 si
586 1180 689 1227 foris,
712 1181 742 1218 si
761 1181 863 1219 intus
882 1181 1035 1226 volent3
1254 1184 1278 1219 5

167 1234 243 1273 Sed
262 1234 318 1272 uti
336 1242 573 1273 asserventur
589 1234 733 1285 magna
751 1234 959 1285 diligentia.

165 1287 284 1326 Liber
302 1288 473 1339 captivus
491 1288 571 1326 avis
589 1287 678 1326 ferae
697 1288 903 1327 consimilis
922 1296 977 1326 est
991 1302 1003 1326 ε

167 1341 294 1380 Semel
313 1341 485 1393 fugiendi
504 1342 535 1379 si
553 1342 642 1380 data
658 1339 705 1379 'st
723 1342 881 1388 occasio,

166 1395 266 1433 San's
285 1403 365 1433 est:
388 1408 586 1446 nunquam
605 1395 758 1447 postilla
776 1396 893 1447 possis
910 1396 1105 1447 prendere.

167 1450 262 1486 Lor.
292 1448 440 1488 Omnes
459 1449 626 1500 profecto
643 1449 752 1487 liberi
768 1450 963 1488 lubentius
1234 1449 1283 1487 10

165 1502 323 1549 Sumus,
342 1515 459 1554 quam
479 1503 675 1541 servimus.

589 1557 697 1606 Heg.
724 1557 817 1594 Non
835 1557 962 1595 videre
979 1557 1032 1595 ita
1051 1564 1093 1594 tu
1113 1555 1283 1608 quidem.

167 1610 263 1648 Lor.
291 1609 334 1648 Si
354 1622 430 1648 non
453 1617 509 1648 est
536 1609 640 1661 quod
665 1610 768 1659 dem,
794 1623 907 1650 mene
930 1611 987 1650 vis
1016 1610 1103 1649 dem
1133 1611 1214 1662 ipse
1242 1610 1283 1647 in

376 1663 442 1701 des
458 1666 475 1691 ⁹

167 1716 276 1766 Heg.
305 1677 524 1765 SliedederiS,
541 1717 610 1756 erit
628 1718 820 1769 extemplo
837 1718 950 1766 1111111,
971 1718 1075 1770 quod
1093 1718 1181 1756 dem
1201 1717 1286 1755 tibi.

168 1770 263 1806 Lor.
289 1770 388 1809 Avis
405 1783 468 1809 me
485 1771 575 1810 ferae
593 1771 828 1809 consimilem
850 1771 1003 1819 faciam,
1027 1780 1072 1810 ut
1093 1771 1287 1822 praedicas.

168 1823 277 1873 Heg.
307 1823 370 1861 Ita
386 1831 430 1861 ut
448 1823 564 1862 dieis:
585 1837 692 1871 nam,
711 1825 743 1862 si
760 1825 873 1872 faxis,
894 1826 981 1864 tein
1001 1838 1153 1864 cavaem
1174 1825 1283 1862 dabo.

168 1876 244 1914 Sed
263 1876 351 1914 satis
370 1878 599 1916 verborum’
602 1885 648 1916 st.
680 1852 802 1925 bura,
822 1892 908 1930 quae
925 1880 1036 1928 jussi,
1056 1886 1172 1930 atque
1190 1879 1265 1916 abi.

166 1929 256 1980 Ego
275 1931 338 1968 ibo
356 1930 406 1968 ad
422 1930 592 1979 fratrem,
613 1931 662 1969 ad
681 1931 774 1970 alios
793 1933 959 1983 captivos
977 1945 1107 1971 meos·
1236 1933 1282 1975 17

166 1983 319 2030 Visam,
340 1996 389 2022 ne
406 1991 515 2022 noete
532 1985 604 2023 hac
622 1985 822 2036 quidpiam
840 1988 1086 2026 turbaverint.

168 2036 266 2075 Inde
284 2050 346 2075 me
364 2038 543 2076 continuo
561 2038 739 2090 recipiam
759 2052 910 2077 mrsum
930 2040 1103 2079 domum.

167 2092 270 2139 Erg.
302 2092 421 2141 AEgre
449 2091 496 2130 ’31
520 2092 630 2139 1111111,
650 2092 753 2131 1111116
771 2092 892 2132 facere
910 2102 1100 2145 quastum
1121 2103 1288 2131 carcera-

327 2145 1283 2191 1111111,2Ο
