1412 2427
191 26 264 63 144
475 26 836 64 AULULARIA.
866 28 941 67 IV.
971 29 1007 65 4.

185 133 270 183 Ego
287 131 456 182 (edepol)
475 140 526 180 te,
548 132 811 184 praestigiator,
837 133 984 172 miseris
1008 135 1090 183 jam
1109 132 1292 184 accipiam

342 185 478 223 modis.

183 240 287 277 Stro.
307 238 406 286 Quae
424 246 460 276 te
478 239 579 276 mala
598 252 688 277 crux
709 240 857 290 agitat?
885 239 977 291 quid
995 241 1062 278 tibi
1081 252 1232 278 mecum
1245 239 1293 276 'st

343 294 557 339 commerci,
579 293 723 330 senex?

182 345 290 392 Quid
316 357 378 382 me
396 344 579 383 afflictas?
608 346 702 396 quid
728 359 790 384 me
810 346 962 397 raptas?
991 346 1069 396 qua
1096 358 1158 383 me
1177 345 1291 383 causa

341 398 538 435 verberas?
1261 401 1286 435 5

181 453 280 489 Eue.
299 452 677 500 Verberabilissume,
699 452 812 490 etiam
839 451 1006 502 rogitas?
1034 463 1110 489 non
1129 451 1204 498 fur,
1221 450 1289 489 sed

337 503 470 542 trisur!

178 560 281 596 Stro-
302 556 408 605 Quid
428 557 497 594 tibi
516 558 707 608 surripui?

413 612 513 648 Eue.
537 611 667 648 Redde
681 611 756 649 huc
774 612 836 649 sis.

580 666 684 702 Str-0.
708 665 815 712 Quid
835 665 903 703 tibi
922 665 977 704 vis
994 665 1179 704 reddam?

978 721 1076 757 Eue.
1098 718 1282 770 Rogitas⁹

179 771 283 808 Stro.
306 770 417 808 Nihil
436 771 612 822 equidem
631 772 700 809 tibi
719 771 870 810 abstuli.

407 827 506 862 Eue.
526 826 584 862 At
602 825 713 874 fflud,
734 825 837 875 quod
855 825 924 864 tibi
941 813 1163 874 abstuleras,
1184 825 1286 864 cedo.

176 876 329 929 Ecquid
348 878 455 928 agis?

337 934 370 969 S
371 937 440 969 tro.
462 930 570 978 Quid
588 932 728 981 agam?

555 987 654 1022 Eue.
675 985 838 1024 Auferre
855 997 931 1023 non
950 994 1066 1036 potes.

857 1040 958 1076 Stro.
980 1039 1087 1087 Quid
1106 1039 1162 1077 vis
1182 1039 1282 1077 tibi?

176 1093 275 1128 Eue.
298 1090 414 1129 Pone.

333 1147 438 1183 Str-0.
466 1145 660 1196 Equidem
697 1144 797 1196 (pol)
826 1153 864 1184 te
893 1145 1021 1183 datare
1054 1146 1164 1184 eredo
1193 1159 1281 1185 con-

440 1207 604 1245 suetum,
625 1211 752 1237 senex.
1233 1201 1281 1238 10

172 1252 272 1289 Eue.
302 1250 405 1289 Pone
429 1251 501 1289 hoc
526 1252 601 1290 sis:
632 1252 739 1290 aufer
757 1252 955 1290 cavillam:
986 1265 1062 1291 non
1085 1266 1154 1304 ego
1178 1266 1280 1292 nunc

331 1317 453 1355 nugas
472 1318 556 1355 ago.

171 1359 275 1395 Stro.
295 1357 402 1404 Quid
419 1371 488 1408 ego
506 1358 676 1409 ponam?
705 1359 798 1410 quin
818 1367 860 1397 tu
880 1360 1067 1410 eloquere,
1089 1360 1278 1412 quidquid

332 1419 399 1457 est,
421 1424 489 1449 suo
507 1424 675 1451 nomine.

170 1464 263 1501 Non
279 1464 445 1515 (hercle)
459 1464 636 1515 equidem
651 1465 862 1516 quidquam
875 1466 1008 1512 sumsi,
1021 1478 1090 1504 nec
1103 1466 1224 1516 tetigi.

727 1520 825 1555 Eue.
847 1517 1016 1556 Ostende
1032 1519 1108 1557 huc
1126 1531 1276 1560 manus.

167 1572 268 1610 Stro.
289 1571 395 1609 Hem
415 1570 509 1609 tibi!

379 1625 480 1662 Eue.
501 1622 682 1663 Ostende.

592 1679 697 1715 Str-,o
716 1678 848 1716 Eccas.

692 1733 791 1769 Eue.
808 1731 946 1770 Video.
998 1732 1102 1784 Age,
1121 1731 1275 1772 ostende

803 1784 917 1823 etiam
935 1785 1100 1824 tertiam.

164 1840 271 1877 Stro.
289 1838 425 1876 Larvae
442 1837 545 1876 hunc
564 1846 678 1889 atque
695 1837 927 1888 intemperiae
943 1839 1175 1891 insaniaeque
1191 1840 1272 1890 agi-

319 1898 402 1929 tant
421 1903 561 1929 senem.
1093 1935 1096 1938 ,
1220 1894 1269 1930 15

162 1944 307 1983 Faci‘n‘
326 1944 505 1992 injuriam
523 1946 594 1992 mi,
614 1957 664 1982 311
683 1945 788 1983 non?

357 1999 458 2035 Eue.
477 1997 628 2046 Fateor,
649 1999 739 2049 quia
756 2010 833 2036 non
851 1999 1007 2050 pendas,
1028 2011 1266 2038 maxumam.

160 2051 293 2102 Atque
309 2050 350 2089 id
369 2064 520 2103 quoque
534 2053 616 2101 jam
635 2051 713 2102 fiet,
733 2051 806 2089 nisi
822 2052 951 2091 fatere.

776 2106 881 2145 Stro.
904 2105 1011 2154 Quid
1027 2105 1146 2146 fatear
1164 2105 1234 2145 tibi
1247 2108 1266 2144 Ρ
