1412 2427
167 54 240 98 176
472 50 812 90 BACCHIDES.
840 50 899 88 II.
927 53 967 88 3.

165 159 221 198 Ni
239 164 374 196 nactus
391 158 581 197 Venerem
600 170 734 203 essem,
753 157 853 194 hanc
871 156 897 195 J
900 167 1069 195 unonem·
1084 155 1259 193 dicerem.

176 214 271 252 Chr.
306 211 471 262 Edepol,
498 211 746 258 Mnesiloche,
772 217 817 247 ut
834 222 914 247 rem
935 209 1034 248 hanc
1052 218 1180 247 natam
1201 221 1279 246 esse

329 264 513 314 intelligo,
1227 263 1281 299 40

171 317 289 366 Quod
306 330 423 364 ames,
438 324 610 368 paratum
627 317 674 354 'st
686 330 697 352 ε
719 315 821 366 quod
841 315 919 363 des,
939 316 1092 354 invento
1107 315 1155 352 'st
1172 326 1282 364 opus.

176 373 282 410 Nam
300 372 392 409 istoc
410 370 566 408 fortasse
585 382 721 407 aurum
738 376 791 406 est
810 381 918 419 opus.

771 423 875 459 Pisi.
897 421 1098 472 Philippeo
1116 420 1285 472 quidem.

181 479 276 517 Chr.
295 477 428 528 Atque
447 490 490 515 eo
508 477 661 515 fortasse
675 477 757 524 jam
776 475 915 524 opu'st.

755 530 861 565 Pist.
882 528 1011 566 Immo
1031 527 1144 565 etiam
1164 525 1285 578 prius.

180 584 287 623 Nam
302 584 384 633 jam
402 583 478 621 huc
496 582 668 621 adveniet
685 581 806 619 miles.

742 634 836 672 Chr.
854 634 909 672 Et
925 632 1035 671 miles
1054 631 1208 683 quidem
1225 633 1235 670 !

184 693 289 729 Ptst.
321 689 402 736 Qui
431 689 478 727 de
507 687 717 726 amittenda
746 686 937 725 Bacchide
965 698 1102 724 aurum
1133 685 1198 723 hic
1225 698 1292 723 ex-

343 743 426 793 igit.
1240 740 1292 775 45

189 797 283 836 Chr.
314 795 455 834 Veniat
483 794 635 847 quando
668 794 771 839 volt3
811 800 927 845 atque
959 792 1013 830 ita
1042 803 1091 830 ne
1119 791 1214 829 mihi
1247 791 1295 829 sit

346 862 475 886 morae.

189 902 310 941 Domi
329 910 405 940 est=
436 914 509 939 non
529 909 683 946 metu03
713 913 782 938 nec
800 899 1009 951 quoiquam
1028 896 1214 948 supplico,

191 957 301 995 Dum
320 954 473 1005 quidem
492 955 562 992 hoc
581 953 719 992 valebit
735 961 866 1004 pectus
884 951 1042 1003 perfidia
1059 963 1203 989 meum.

192 1010 274 1048 Abi
291 1008 414 1052 intr03
445 1020 514 1057 ego
531 1008 595 1045 hic
614 1009 775 1045 curabo:
806 1014 848 1043 tu
866 1006 970 1044 intus
987 1004 1100 1043 dicito

195 1061 478 1100 Mnesilochum
496 1061 624 1099 adesse
643 1059 837 1098 Bacchidi.

727 1115 830 1150 Pist.
852 1111 1019 1159 Faciam,
1042 1119 1086 1149 ut
1098 1111 1221 1160 jubes.
1249 1111 1300 1148 50

201 1169 296 1208 Chr.
317 1167 526 1218 Negotium
545 1167 616 1204 hoc
635 1165 683 1203 ad
700 1179 761 1204 me
779 1165 912 1203 attinet
929 1164 1132 1202 aurai-ium.

199 1222 314 1260 Mine
333 1231 369 1259 et
387 1221 566 1259 ducentos
584 1219 783 1270 Philippos
802 1218 999 1256 attulimus
1016 1230 1148 1256 aureos

198 1274 367 1325 Epheso,
387 1287 482 1325 quos
501 1273 634 1324 hospes
650 1272 781 1310 debuit
797 1280 923 1310 nostro
941 1271 1032 1309 seni.

201 1327 299 1365 Inde
317 1340 386 1378 ego
403 1326 514 1365 hodie
532 1327 700 1377 aliquam
718 1325 962 1364 machinabor
979 1323 1209 1371 machinam,

201 1380 316 1419 Unde
333 1393 470 1418 aurum
488 1379 647 1418 efficiam
665 1379 809 1417 amanti
826 1379 934 1416 herili
952 1377 1042 1415 filio.
1256 1377 1307 1413 55

204 1434 279 1473 Sed
296 1434 385 1473 foris
403 1432 619 1485 concrepuit
636 1440 786 1471 nostra:
817 1432 975 1483 quinam
993 1430 1072 1470 exit
1088 1428 1215 1468 foras?

450 1591 634 1631 ACTUS
663 1591 722 1629 ΙΙ.
777 1589 963 1629 SCENA
991 1589 1075 1628 ΙΙΙ.

461 1699 745 1736 N1cossUJ.1JS.
773 1698 1063 1736 CHRYSALUS.

211 1809 265 1845 Ν
264 1808 311 1845 ie.
330 1807 403 1844 Ibo
419 1806 460 1843 in
479 1805 691 1843 Piraeeum:
722 1805 855 1851 visam,
876 1815 1004 1854 ecquae
1020 1801 1212 1841 advenerit

211 1862 261 1899 In
278 1867 431 1911 portum
449 1872 497 1897 ex
515 1859 669 1908 Epheso
687 1858 791 1896 navis
808 1855 1040 1895 mercatoria.

213 1915 320 1952 Nam
338 1926 446 1951 meus
463 1911 641 1951 formidat
658 1911 821 1958 animus,
841 1917 1012 1948 nostrum
1030 1916 1110 1947 tam
1129 1909 1195 1947 diu

215 1966 277 2005 Ibi
294 1966 474 2012 desidere,
494 1977 616 2016 neque
635 1965 767 2012 redire,
788 1963 925 2002 filium.

219 2022 312 2059 Chr.
343 2020 538 2111 Elxtexam
566 2031 635 2068 ego
663 2018 774 2056 illum
802 2017 958 2068 pulchre
986 2017 1081 2066 jam,
1108 2015 1138 2054 si
1157 2015 1225 2054 Dii
1250 2028 1316 2105 vog

387 2080 468 2110 unt.
