1412 2427
171 59 245 102 178
472 60 809 99 BACCHIDES.
841 60 899 98 11.
931 62 969 97 3.

167 164 457 213 Adusterinum,
477 174 513 204 et
531 178 606 204 non
622 179 710 204 eum
729 178 806 205 esse
824 167 1066 218 symbolum:
1216 163 1270 200 32

168 217 351 269 Quotque
368 219 559 257 innocenti
575 220 611 257 ei
630 219 727 257 dixit
745 219 991 258 contumelias
1006 219 1016 256 Ξ

165 270 393 310 Adulterare
409 284 497 309 eum
516 272 617 310 aibat
634 274 746 310 rebus
765 273 916 311 caeteris.

166 322 347 375 Longum
367 325 414 362 'st
431 325 610 363 triconem
629 326 843 364 maleficum
863 325 1087 364 exornarier.
1222 322 1274 360 35

167 379 265 415 Nic.
292 377 488 416 Habeti'n’
507 391 643 416 aurum
655 379 673 414 ’ἓ
700 378 740 416 id
758 379 853 416 mihi
871 379 1038 430 primum
1057 376 1131 415 dici
1149 375 1249 414 volo.

170 432 264 469 Chr.
291 430 499 481 Postquam
519 432 674 482 quidem
692 440 829 482 praetor
846 438 1120 482 recuperatores
1139 428 1256 477 dedit,

165 483 385 521 Damnatus
403 483 574 530 demum,
595 485 631 522 vi
649 494 811 532 coactus,
833 484 995 522 reddidit

167 536 362 575 Ducentos
379 544 416 575 et
433 537 538 575 mille
558 537 792 589 Philippum.

774 593 826 629 N
827 593 873 628 ic.
894 591 1066 628 Tantum
1085 588 1232 627 debuit.

169 643 264 683 Chr.
298 644 416 682 Porro
443 645 556 682 etiam
589 644 762 682 ausculta
794 656 979 696 pugnam,
1012 655 1129 694 quam
1156 639 1276 681 voluit

326 696 426 735 dare.
1217 694 1271 732 4⁰

169 752 268 788 Nic.
287 749 468 788 Etiamne
487 756 542 788 est
560 750 652 801 quid
670 750 809 801 porro?

398 804 492 842 Chr.
515 803 645 841 Hem!
677 803 826 854 accipe:
856 804 954 841 trina
972 803 1052 840 haec
1070 813 1173 839 nunc
1191 800 1275 839 erit.

169 858 221 894 N
222 857 267 893 ic.
291 855 484 907 Deceptus
511 869 610 894 sum.
670 855 860 906 Autolyco
877 855 1017 905 hospiti
1035 866 1174 892 aurum
1195 866 1276 892 cre-

324 909 418 947 didi.

170 963 264 1002 Chr.
285 961 391 1009 Quin
413 971 455 1000 tu
473 961 576 1000 audi.

352 1017 450 1053 Nic.
472 1016 600 1053 Immo
618 1014 815 1065 ingenium
833 1013 934 1053 avidi
951 1013 1056 1052 haud
1073 1013 1273 1064 pernoram

428 1068 597 1119 hospitis.

166 1122 263 1162 Chr.
297 1121 507 1172 Postquam
529 1134 666 1159 aurum
694 1120 938 1164 abstulimus,
963 1120 1003 1158 in
1030 1131 1165 1158 navem
1184 1131 1274 1159 con-

320 1174 547 1222 scendimus,

164 1226 338 1265 Domum
358 1228 562 1278 cupientes.
619 1227 733 1265 Forte
751 1235 796 1266 ut
813 1227 934 1265 assedi
952 1227 993 1265 in
1011 1226 1130 1277 stega,
1223 1227 1274 1264 45

164 1280 273 1318 Dum
293 1280 576 1331 circumspecto,
597 1288 710 1332 atque
730 1294 798 1332 ego
816 1281 988 1319 lembum
1006 1279 1211 1330 conspicor.

165 1336 219 1371 N
219 1336 264 1371 ic.
293 1333 408 1382 Perii,
429 1334 576 1371 hercle!
608 1334 757 1372 lembus
775 1333 841 1372 ille
858 1334 954 1371 mihi
970 1333 1075 1371 laedit
1092 1333 1208 1370 latus.

167 1389 223 1426 Ch
230 1401 262 1425 r.
293 1385 332 1424 Is
352 1395 430 1425 erat
447 1387 660 1424 communis
680 1399 768 1424 cum
785 1386 933 1438 hospite
950 1394 987 1425 et
1003 1385 1258 1437 praedonibus.

165 1443 264 1478 Nic.
282 1440 433 1477 Adeon'
446 1453 509 1477 me
525 1440 639 1478 fuisse
652 1440 832 1490 fungum,
844 1446 889 1477 ut
903 1439 970 1490 qui
981 1439 1039 1476 illi
1052 1437 1240 1477 crederem
1256 1438 1268 1475 Ξ

162 1493 295 1540 Quom
315 1493 411 1530 mihi
427 1493 554 1543 ipsum
573 1505 712 1530 nomen
732 1494 812 1541 ejus
831 1491 1112 1530 Archidemidis
1219 1493 1271 1530 50

162 1547 368 1593 Clamaret,
388 1545 605 1582 demturum
625 1558 715 1592 esse,
736 1545 767 1582 si
785 1545 878 1595 quid
896 1544 1096 1582 crederem.

164 1601 260 1638 Chr.
283 1599 323 1636 Is
341 1599 490 1636 lembus
508 1606 643 1636 nostrae
661 1598 751 1635 navi
766 1597 920 1635 insidias
937 1597 1062 1634 dabat.

162 1652 306 1703 Occepi
325 1664 392 1702 ego
410 1653 604 1689 observare
623 1663 697 1698 eos,
718 1663 834 1701 quam
853 1663 933 1688 rem
951 1657 1095 1701 gerant.

161 1706 313 1743 Interea
330 1718 350 1741 e
369 1713 480 1754 portu
500 1712 625 1741 nostra
643 1704 748 1741 navis
766 1704 934 1741 solvitur.

162 1758 243 1796 Ubi
262 1766 373 1809 portu
393 1758 569 1803 exiimus,
589 1757 761 1794 homines
779 1757 937 1805 remigio
957 1755 1087 1807 sequi:
1216 1756 1267 1792 55

161 1813 299 1862 Neque
318 1823 403 1848 aves
421 1823 543 1860 neque
560 1810 661 1847 venti
680 1810 798 1847 citius.
855 1810 1050 1857 Quoniam
1070 1809 1203 1857 sentio,

160 1864 262 1912 Quae
279 1877 336 1901 res
353 1872 555 1914 gereretur,
574 1875 709 1901 navem
726 1864 918 1914 extemplo
936 1862 1151 1901 statuimus.

159 1917 356 1964 Quoniam
375 1916 503 1954 vident
521 1929 588 1954 nos
607 1925 717 1964 stare,
737 1924 961 1967 occeperunt
978 1923 1099 1954 ratem

161 1968 357 2022 [Turbare
374 1969 414 2007 in
432 1971 578 2020 portu.]

453 2024 504 2060 N
505 2024 549 2060 ic.
568 2022 730 2073 Edepol,
750 2023 926 2061 mortales
943 2023 1062 2061 malos
1079 2023 1090 2059 Σ

160 2076 266 2124 Quid
285 2076 446 2127 denique
463 2075 574 2126 agitis
591 2078 609 2114 ἓ
1078 2083 1083 2088 ’

437 2130 531 2168 Chr.
550 2130 721 2167 Rursum
740 2129 779 2165 in
799 2136 948 2180 portum
968 2128 1182 2178 recipimus.
1212 2128 1265 2166 60
