1412 2427
277 32 355 71 298
624 33 851 72 CAsINA.
883 32 966 71 111.
1000 33 1038 70 4.

272 137 430 176 Assitne
449 139 599 178 animus
616 140 664 187 ei,
681 151 798 178 necne
815 137 920 186 assit,
939 151 1053 190 quem
1073 122 1241 177 advocet.

274 191 315 229 si
333 200 445 242 neget
462 192 604 241 adoese,
624 193 884 231 exanimatum
902 193 1053 230 amittat
1071 191 1242 230 domum.
1335 191 1383 229 10

272 244 347 282 Sed
369 258 524 284 uxorem
543 255 630 285 ante
649 247 759 285 aedeis
778 259 915 285 eccam.
955 245 1033 284 Hei
1051 245 1187 284 misero
1204 244 1325 283 mihi!

273 297 426 345 Metuo,
447 311 495 337 ne
513 311 588 337 non
607 301 655 339 sit
673 300 800 347 surda,
821 306 935 351 atque
951 299 1033 337 haec
1051 297 1248 337 audiverit.

278 353 379 390 Cleo.
409 352 556 390 Audivi
575 353 753 402 (ecastor)
772 365 859 391 cum
879 353 980 390 malo
998 364 1140 402 magno
1157 358 1236 390 tuo.

273 406 372 443 Stat.
401 405 595 445 Accedam
614 407 781 458 propius.
822 405 931 453 Quid
948 405 1042 457 agis,
1061 417 1150 443 mea
1166 403 1381 444 festivitas?

278 459 379 498 Cleo.
410 458 470 497 Te
489 462 664 508 (ecastor)
683 460 942 511 praestolabar.

704 516 801 552 Stal.
829 514 859 551 J
861 525 973 551 amne
991 519 1122 551 ornata
1139 525 1199 551 res
1216 511 1302 551 est?
1332 511 1383 549 15

272 565 415 604 Jamne
431 566 530 605 hanc
548 567 716 605 traduxti
734 567 809 605 huc
828 566 876 604 ad
895 578 964 604 nos
981 565 1145 604 vicinam
1163 573 1286 615 tuam,

274 618 376 666 Quae
394 627 431 658 te
449 620 637 670 adjutaret
652 623 669 659 ‚⁹

686 675 789 713 Cleo.
817 673 1023 720 Arcessivi,
1038 679 1082 711 ut
1100 673 1280 722 jusseras.

274 726 422 765 Verum
441 726 503 764 hic
521 727 658 765 sodalis
676 735 780 775 tuus,
799 726 945 764 amicus
962 733 1156 778 optumus,

274 779 316 817 N
319 780 528 831 fficio-quid
547 793 586 819 se
599 781 765 819 sufflavit
781 780 892 818 uxori
911 793 1002 818 suae.

274 833 443 884 Negavit
461 846 583 884 posse,
601 834 754 885 quando
773 844 930 881 arcesse,
951 833 1109 871 mittere.
1334 835 1387 872 20

276 889 374 925 Stal.
417 887 570 925 Vitium
597 888 668 926 tibi
700 888 796 926 istuc
828 898 1059 924 maxumum
1082 886 1144 935 'st,
1175 885 1317 925 blanda
1348 899 1388 926 es

464 952 586 977 arum.

276 995 379 1032 Cleo.
400 953 491 1031 Nldn
503 1000 763 1031 matronarum
778 992 943 1030 officium
957 991 1019 1039 'st,
1040 992 1105 1031 sed
1115 992 1386 1041 meretricium,

274 1047 380 1085 Viris
399 1047 546 1094 alienis,
563 1046 618 1084 mi
637 1045 706 1092 vir,
727 1045 1016 1084 subblandirier.

277 1100 298 1138 I
319 1107 376 1149 tu,
408 1107 523 1151 atque
546 1112 687 1138 arcesse
704 1099 836 1138 illam:
867 1112 937 1150 ego
960 1099 1077 1148 intus,
1097 1099 1201 1151 quod
1225 1099 1324 1139 facto
1339 1099 1387 1139 ’st

438 1167 460 1192 o
490 1167 548 1201 us,

277 1207 380 1247 Volo
398 1167 587 1256 acciirare,
607 1206 662 1244 mi
682 1206 749 1245 vir.

711 1262 809 1299 Stal.
840 1261 1006 1312 Propera
1024 1274 1124 1311 ergo.

1058 1316 1159 1353 Cleo.
1188 1313 1310 1353 Licet.
1337 1316 1390 1352 25

275 1367 305 1407 J
308 1381 370 1406 am
391 1366 492 1420 (pol)
514 1380 582 1419 ego
600 1367 690 1406 huic
708 1368 875 1419 aliquem
900 1368 941 1405 in
962 1375 1094 1420 pectus
1114 1367 1282 1417 injiciam
1307 1380 1389 1406 me-

437 1430 521 1460 tum
539 1437 549 1459 ε

276 1475 322 1513 M
326 1476 555 1515 iserrumum
572 1474 685 1513 hodie
705 1487 774 1526 ego
792 1476 895 1513 hunc
912 1475 1061 1513 habebo
1083 1474 1285 1513 amasium.

525 1635 816 1674 ACTUSIII.
870 1633 1054 1674 SCENA
1074 1635 1150 1674 IV.

544 1742 844 1781 ALcEsums.
888 1743 1113 1782 STALmo.

278 1850 366 1888 Ale.
394 1849 491 1888 Viso
507 1849 596 1897 huc,
617 1856 764 1888 amator
777 1850 810 1888 si
827 1863 850 1888 a
867 1850 950 1889 foro
967 1849 1078 1888 rediit
1091 1849 1265 1898 domum,

279 1903 360 1950 Qui
380 1916 442 1941 me
459 1912 573 1954 atque
592 1916 752 1941 uxorem
769 1902 980 1942 ludificatu’
983 1910 1031 1951 st,
1050 1903 1171 1942 larua.

278 1957 353 1994 Sed
371 1969 501 1995 eccum
521 1964 609 1995 ante
626 1957 748 1996 aedeis.
777 1956 845 1995 Ad
860 1960 925 2007 te(
939 1957 1082 2004 hercle)
1099 1957 1204 1996 ibam
1221 1969 1392 1996 commo·

279 2065 376 2102 stul.
408 2010 551 2115 Λῗζιῐιὲ
557 2077 626 2115 ego
647 2063 821 2117 (hercle)
839 2064 887 2103 ad
915 2072 964 2104 te.
1006 2063 1114 2112 Quid
1138 2064 1204 2110 ais,
1236 2063 1294 2102 vir
1316 2065 1392 2102 mi-

440 2117 536 2156 nimi
554 2117 685 2169 preti?
