<?xml version="1.0" encoding="UTF-8"?>
<!DOCTYPE html PUBLIC "-//W3C//DTD XHTML 1.0 Transitional//EN"
    "http://www.w3.org/TR/xhtml1/DTD/xhtml1-transitional.dtd">
<html xmlns="http://www.w3.org/1999/xhtml" xml:lang="en" lang="en">
 <head>
  <title>
</title>
<meta http-equiv="Content-Type" content="text/html;charset=utf-8" />
  <meta name='ocr-system' content='tesseract 3.04.00' />
  <meta name='ocr-capabilities' content='ocr_page ocr_carea ocr_par ocr_line ocrx_word'/>
</head>
<body>
  <div class='ocr_page' id='page_1' title='image "./comoediaesupers01plauuoft_0030.png"; bbox 0 0 1412 2427; ppageno 0'>
   <div class='ocr_carea' id='block_1_1' title="bbox 152 64 970 102">
    <p class='ocr_par' dir='ltr' id='par_1_1' title="bbox 152 64 970 102">
     <span class='ocr_line' id='line_1_1' title="bbox 152 64 970 102; baseline -0.002 0"><span class='ocrx_word' id='word_1_1' title='bbox 152 66 203 102; x_wconf 74' lang='lat'>22</span> <span class='ocrx_word' id='word_1_2' title='bbox 468 64 637 102; x_wconf 79' lang='lat' dir='ltr'>AMPH</span> <span class='ocrx_word' id='word_1_3' title='bbox 647 64 839 102; x_wconf 78' lang='lat' dir='ltr'>lTRUO.</span> <span class='ocrx_word' id='word_1_4' title='bbox 871 64 904 101; x_wconf 89' lang='lat'>1.</span> <span class='ocrx_word' id='word_1_5' title='bbox 931 66 970 101; x_wconf 80' lang='lat'>2.</span> 
     </span>
    </p>
   </div>
   <div class='ocr_carea' id='block_1_2' title="bbox 154 169 1267 1019">
    <p class='ocr_par' dir='ltr' id='par_1_2' title="bbox 157 169 1265 262">
     <span class='ocr_line' id='line_1_2' title="bbox 157 169 1265 221; baseline 0 -14"><span class='ocrx_word' id='word_1_6' title='bbox 157 171 277 217; x_wconf 86' lang='lat' dir='ltr'>Nam,</span> <span class='ocrx_word' id='word_1_7' title='bbox 316 171 346 209; x_wconf 84' lang='lat' dir='ltr'>si</span> <span class='ocrx_word' id='word_1_8' title='bbox 383 183 445 209; x_wconf 87' lang='lat' dir='ltr'>me</span> <span class='ocrx_word' id='word_1_9' title='bbox 482 170 667 217; x_wconf 43' lang='lat' dir='ltr'>irrita-assis,</span> <span class='ocrx_word' id='word_1_10' title='bbox 704 170 815 208; x_wconf 87' lang='lat' dir='ltr'>hodie</span> <span class='ocrx_word' id='word_1_11' title='bbox 849 169 1141 221; x_wconf 83' lang='lat' dir='ltr'>lumbifragium</span> <span class='ocrx_word' id='word_1_12' title='bbox 1176 170 1265 208; x_wconf 86' lang='lat' dir='ltr'>hinc</span> 
     </span>
     <span class='ocr_line' id='line_1_3' title="bbox 315 224 1263 262; baseline -0.001 -1"><span class='ocrx_word' id='word_1_13' title='bbox 315 224 470 262; x_wconf 87' lang='lat' dir='ltr'>auferes.</span> <span class='ocrx_word' id='word_1_14' title='bbox 1186 225 1263 261; x_wconf 69' lang='lat'>⁴298</span> 
     </span>
    </p>

    <p class='ocr_par' dir='ltr' id='par_1_3' title="bbox 155 276 1267 367">
     <span class='ocr_line' id='line_1_4' title="bbox 155 276 1267 367; baseline -0.001 -53"><span class='ocrx_word' id='word_1_15' title='bbox 155 281 239 315; x_wconf 83' lang='lat' dir='ltr'>Sos.</span> <span class='ocrx_word' id='word_1_16' title='bbox 264 277 376 367; x_wconf 52' lang='lat' dir='ltr'>Alfiep</span> <span class='ocrx_word' id='word_1_17' title='bbox 394 278 530 354; x_wconf 55' lang='lat' dir='ltr'>po&#39;tius.</span> <span class='ocrx_word' id='word_1_18' title='bbox 568 276 637 314; x_wconf 88' lang='lat' dir='ltr'>Dii</span> <span class='ocrx_word' id='word_1_19' title='bbox 653 277 910 315; x_wconf 85' lang='lat' dir='ltr'>immortales!</span> <span class='ocrx_word' id='word_1_20' title='bbox 936 278 1087 315; x_wconf 84' lang='lat' dir='ltr'>obsecro</span> <span class='ocrx_word' id='word_1_21' title='bbox 1100 285 1267 314; x_wconf 83' lang='lat' dir='ltr'><strong>vostram</strong></span> 
     </span>
    </p>

    <p class='ocr_par' dir='ltr' id='par_1_4' title="bbox 368 343 455 368">
     <span class='ocr_line' id='line_1_5' title="bbox 368 343 455 368; baseline -0.011 0"><span class='ocrx_word' id='word_1_22' title='bbox 368 343 428 368; x_wconf 89' lang='lat' dir='ltr'>em</span> <span class='ocrx_word' id='word_1_23' title='bbox 446 360 455 367; x_wconf 94' lang='lat'><strong>.</strong></span> 
     </span>
    </p>

    <p class='ocr_par' dir='ltr' id='par_1_5' title="bbox 154 383 1263 486">
     <span class='ocr_line' id='line_1_6' title="bbox 154 383 1263 434; baseline -0.002 -12"><span class='ocrx_word' id='word_1_24' title='bbox 154 383 234 422; x_wconf 94' lang='lat' dir='ltr'>Ubi</span> <span class='ocrx_word' id='word_1_25' title='bbox 249 396 318 434; x_wconf 87' lang='lat' dir='ltr'>ego</span> <span class='ocrx_word' id='word_1_26' title='bbox 332 384 455 434; x_wconf 83' lang='lat' dir='ltr'>perii?</span> <span class='ocrx_word' id='word_1_27' title='bbox 476 383 543 422; x_wconf 89' lang='lat' dir='ltr'>ubi</span> <span class='ocrx_word' id='word_1_28' title='bbox 556 383 781 421; x_wconf 83' lang='lat' dir='ltr'>immutatus</span> <span class='ocrx_word' id='word_1_29' title='bbox 796 395 881 421; x_wconf 88' lang='lat' dir='ltr'>sum</span> <span class='ocrx_word' id='word_1_30' title='bbox 896 385 913 421; x_wconf 70' lang='grc' dir='ltr'><strong><em>ἓ</em></strong></span> <span class='ocrx_word' id='word_1_31' title='bbox 933 383 1001 421; x_wconf 93' lang='lat' dir='ltr'>ubi</span> <span class='ocrx_word' id='word_1_32' title='bbox 1015 395 1085 433; x_wconf 88' lang='lat' dir='ltr'>ego</span> <span class='ocrx_word' id='word_1_33' title='bbox 1099 383 1263 420; x_wconf 86' lang='lat' dir='ltr'>formam</span> 
     </span>
     <span class='ocr_line' id='line_1_7' title="bbox 315 436 1262 486; baseline -0.002 -12"><span class='ocrx_word' id='word_1_34' title='bbox 315 436 462 486; x_wconf 87' lang='lat' dir='ltr'>perdidi</span> <span class='ocrx_word' id='word_1_35' title='bbox 479 439 495 475; x_wconf 70' lang='grc' dir='ltr'><strong><em>ἓ</em></strong></span> <span class='ocrx_word' id='word_1_36' title='bbox 1184 437 1262 473; x_wconf 71' lang='lat'>300</span> 
     </span>
    </p>

    <p class='ocr_par' dir='ltr' id='par_1_6' title="bbox 154 487 1163 540">
     <span class='ocr_line' id='line_1_8' title="bbox 154 487 1163 540; baseline -0.004 -12"><span class='ocrx_word' id='word_1_37' title='bbox 154 491 222 527; x_wconf 91' lang='lat' dir='ltr'>An</span> <span class='ocrx_word' id='word_1_38' title='bbox 243 498 391 540; x_wconf 86' lang='lat' dir='ltr'><strong>egomet</strong></span> <span class='ocrx_word' id='word_1_39' title='bbox 409 502 471 528; x_wconf 80' lang='lat' dir='ltr'>me</span> <span class='ocrx_word' id='word_1_40' title='bbox 489 489 566 527; x_wconf 81' lang='lat' dir='ltr'>illic</span> <span class='ocrx_word' id='word_1_41' title='bbox 585 489 734 540; x_wconf 73' lang='lat' dir='ltr'>reliqui,</span> <span class='ocrx_word' id='word_1_42' title='bbox 755 489 787 526; x_wconf 85' lang='lat' dir='ltr'>si</span> <span class='ocrx_word' id='word_1_43' title='bbox 805 489 899 526; x_wconf 87' lang='lat' dir='ltr'>forte</span> <span class='ocrx_word' id='word_1_44' title='bbox 917 489 1056 526; x_wconf 86' lang='lat' dir='ltr'>oblitus</span> <span class='ocrx_word' id='word_1_45' title='bbox 1075 487 1163 525; x_wconf 82' lang='lat' dir='ltr'>fui?</span> 
     </span>
    </p>

    <p class='ocr_par' dir='ltr' id='par_1_7' title="bbox 155 543 1261 646">
     <span class='ocr_line' id='line_1_9' title="bbox 155 543 1261 593; baseline -0.002 -13"><span class='ocrx_word' id='word_1_46' title='bbox 155 544 260 581; x_wconf 75' lang='lat' dir='ltr'>Nam</span> <span class='ocrx_word' id='word_1_47' title='bbox 298 543 358 581; x_wconf 92' lang='lat' dir='ltr'>hic</span> <span class='ocrx_word' id='word_1_48' title='bbox 390 543 544 593; x_wconf 90' lang='lat' dir='ltr'>quidem</span> <span class='ocrx_word' id='word_1_49' title='bbox 576 555 728 580; x_wconf 85' lang='lat' dir='ltr'>omnem</span> <span class='ocrx_word' id='word_1_50' title='bbox 760 543 967 592; x_wconf 79' lang='lat' dir='ltr'>imaginem</span> <span class='ocrx_word' id='word_1_51' title='bbox 1002 554 1142 589; x_wconf 86' lang='lat' dir='ltr'>meam,</span> <span class='ocrx_word' id='word_1_52' title='bbox 1174 554 1261 591; x_wconf 87' lang='lat' dir='ltr'>quae</span> 
     </span>
     <span class='ocr_line' id='line_1_10' title="bbox 316 595 820 646; baseline -0.004 -12"><span class='ocrx_word' id='word_1_53' title='bbox 316 597 472 634; x_wconf 85' lang='lat' dir='ltr'>antehac</span> <span class='ocrx_word' id='word_1_54' title='bbox 490 596 623 641; x_wconf 82' lang='lat' dir='ltr'>suerat,</span> <span class='ocrx_word' id='word_1_55' title='bbox 644 595 820 646; x_wconf 84' lang='lat' dir='ltr'>possidet.</span> 
     </span>
    </p>

    <p class='ocr_par' dir='ltr' id='par_1_8' title="bbox 154 647 1261 740">
     <span class='ocr_line' id='line_1_11' title="bbox 154 647 1261 700; baseline -0.003 -13"><span class='ocrx_word' id='word_1_56' title='bbox 154 650 256 688; x_wconf 87' lang='lat' dir='ltr'>Vivo</span> <span class='ocrx_word' id='word_1_57' title='bbox 287 650 342 695; x_wconf 82' lang='lat' dir='ltr'>fit,</span> <span class='ocrx_word' id='word_1_58' title='bbox 374 649 476 700; x_wconf 87' lang='lat' dir='ltr'>quod</span> <span class='ocrx_word' id='word_1_59' title='bbox 508 661 705 699; x_wconf 83' lang='lat' dir='ltr'>nunquam</span> <span class='ocrx_word' id='word_1_60' title='bbox 736 648 939 698; x_wconf 85' lang='lat' dir='ltr'>quisquam</span> <span class='ocrx_word' id='word_1_61' title='bbox 970 655 1120 685; x_wconf 88' lang='lat' dir='ltr'>mortuo</span> <span class='ocrx_word' id='word_1_62' title='bbox 1148 647 1261 684; x_wconf 89' lang='lat' dir='ltr'>faciet</span> 
     </span>
     <span class='ocr_line' id='line_1_12' title="bbox 314 703 420 740; baseline -0.009 -1"><span class='ocrx_word' id='word_1_63' title='bbox 314 703 420 740; x_wconf 86' lang='lat' dir='ltr'>mihi.</span> 
     </span>
    </p>

    <p class='ocr_par' dir='ltr' id='par_1_9' title="bbox 156 753 1260 846">
     <span class='ocr_line' id='line_1_13' title="bbox 156 753 1260 806; baseline -0.003 -12"><span class='ocrx_word' id='word_1_64' title='bbox 156 757 227 794; x_wconf 92' lang='lat' dir='ltr'>Ibo</span> <span class='ocrx_word' id='word_1_65' title='bbox 242 756 290 793; x_wconf 82' lang='lat' dir='ltr'>ad</span> <span class='ocrx_word' id='word_1_66' title='bbox 308 766 474 806; x_wconf 76' lang='lat' dir='ltr'>portum,</span> <span class='ocrx_word' id='word_1_67' title='bbox 495 763 608 806; x_wconf 85' lang='lat' dir='ltr'>atque</span> <span class='ocrx_word' id='word_1_68' title='bbox 622 755 716 801; x_wconf 78' lang='lat' dir='ltr'>haec,</span> <span class='ocrx_word' id='word_1_69' title='bbox 732 755 789 792; x_wconf 84' lang='lat' dir='ltr'>uti</span> <span class='ocrx_word' id='word_1_70' title='bbox 803 761 891 792; x_wconf 84' lang='lat' dir='ltr'>sunt</span> <span class='ocrx_word' id='word_1_71' title='bbox 904 753 1016 800; x_wconf 87' lang='lat' dir='ltr'>facta,</span> <span class='ocrx_word' id='word_1_72' title='bbox 1031 754 1122 792; x_wconf 91' lang='lat' dir='ltr'>hero</span> <span class='ocrx_word' id='word_1_73' title='bbox 1136 753 1260 791; x_wconf 85' lang='lat' dir='ltr'>dicam</span> 
     </span>
     <span class='ocr_line' id='line_1_14' title="bbox 315 821 425 846; baseline 0.009 -1"><span class='ocrx_word' id='word_1_74' title='bbox 315 821 400 846; x_wconf 87' lang='lat' dir='ltr'>meo</span> <span class='ocrx_word' id='word_1_75' title='bbox 416 823 425 845; x_wconf 71' lang='grc' dir='ltr'><strong><em>ι</em></strong></span> 
     </span>
    </p>

    <p class='ocr_par' dir='ltr' id='par_1_10' title="bbox 156 859 1262 965">
     <span class='ocr_line' id='line_1_15' title="bbox 156 859 1262 912; baseline -0.005 -11"><span class='ocrx_word' id='word_1_76' title='bbox 156 863 244 902; x_wconf 84' lang='lat' dir='ltr'>Nisi</span> <span class='ocrx_word' id='word_1_77' title='bbox 262 863 376 900; x_wconf 86' lang='lat' dir='ltr'>etiam</span> <span class='ocrx_word' id='word_1_78' title='bbox 404 862 434 899; x_wconf 79' lang='lat' dir='ltr'>is</span> <span class='ocrx_word' id='word_1_79' title='bbox 454 873 604 912; x_wconf 89' lang='lat' dir='ltr'>quoque</span> <span class='ocrx_word' id='word_1_80' title='bbox 622 873 683 898; x_wconf 90' lang='lat' dir='ltr'>me</span> <span class='ocrx_word' id='word_1_81' title='bbox 702 859 916 911; x_wconf 80' lang='lat' dir='ltr'>ignorabit3</span> <span class='ocrx_word' id='word_1_82' title='bbox 947 860 1049 912; x_wconf 86' lang='lat' dir='ltr'>quod</span> <span class='ocrx_word' id='word_1_83' title='bbox 1066 860 1131 898; x_wconf 86' lang='lat' dir='ltr'>ille</span> <span class='ocrx_word' id='word_1_84' title='bbox 1149 859 1262 897; x_wconf 88' lang='lat' dir='ltr'>faciat</span> 
     </span>
     <span class='ocr_line' id='line_1_16' title="bbox 314 915 1258 965; baseline -0.002 -13"><span class='ocrx_word' id='word_1_85' title='bbox 314 915 468 965; x_wconf 75' lang='lat' dir='ltr'>Jupiter</span> <span class='ocrx_word' id='word_1_86' title='bbox 485 915 494 951; x_wconf 75' lang='grc' dir='ltr'><strong>Ξ</strong></span> <span class='ocrx_word' id='word_1_87' title='bbox 1179 915 1258 951; x_wconf 80' lang='lat'>305</span> 
     </span>
    </p>

    <p class='ocr_par' dir='ltr' id='par_1_11' title="bbox 156 966 1191 1019">
     <span class='ocr_line' id='line_1_17' title="bbox 156 966 1191 1019; baseline -0.005 -11"><span class='ocrx_word' id='word_1_88' title='bbox 156 970 212 1008; x_wconf 90' lang='lat' dir='ltr'>Ut</span> <span class='ocrx_word' id='word_1_89' title='bbox 233 982 301 1019; x_wconf 89' lang='lat' dir='ltr'>ego</span> <span class='ocrx_word' id='word_1_90' title='bbox 319 968 444 1015; x_wconf 83' lang='lat' dir='ltr'>hodie,</span> <span class='ocrx_word' id='word_1_91' title='bbox 467 980 549 1005; x_wconf 89' lang='lat' dir='ltr'>raso</span> <span class='ocrx_word' id='word_1_92' title='bbox 568 967 688 1018; x_wconf 87' lang='lat' dir='ltr'>capite</span> <span class='ocrx_word' id='word_1_93' title='bbox 707 967 848 1014; x_wconf 82' lang='lat' dir='ltr'>calvus,</span> <span class='ocrx_word' id='word_1_94' title='bbox 869 966 1016 1017; x_wconf 87' lang='lat' dir='ltr'>capiam</span> <span class='ocrx_word' id='word_1_95' title='bbox 1034 966 1191 1018; x_wconf 85' lang='lat' dir='ltr'>pileum.</span> 
     </span>
    </p>
   </div>
   <div class='ocr_carea' id='block_1_3' title="bbox 423 1125 1006 1270">
    <p class='ocr_par' dir='ltr' id='par_1_12' title="bbox 423 1125 1006 1270">
     <span class='ocr_line' id='line_1_18' title="bbox 423 1125 1006 1166; baseline -0.005 0"><span class='ocrx_word' id='word_1_96' title='bbox 423 1127 608 1166; x_wconf 86' lang='lat' dir='ltr'>ACTUS</span> <span class='ocrx_word' id='word_1_97' title='bbox 638 1127 673 1164; x_wconf 90' lang='grc' dir='ltr'>Ι.</span> <span class='ocrx_word' id='word_1_98' title='bbox 731 1126 916 1164; x_wconf 86' lang='lat' dir='ltr'>SCENA</span> <span class='ocrx_word' id='word_1_99' title='bbox 944 1125 1006 1164; x_wconf 92' lang='grc' dir='ltr'>ΙΙ.</span> 
     </span>
     <span class='ocr_line' id='line_1_19' title="bbox 566 1233 864 1270; baseline -0.003 0"><span class='ocrx_word' id='word_1_100' title='bbox 566 1233 864 1270; x_wconf 63' lang='lat' dir='ltr'>Manccmus.</span> 
     </span>
    </p>
   </div>
   <div class='ocr_carea' id='block_1_4' title="bbox 151 1339 1260 2190">
    <p class='ocr_par' dir='ltr' id='par_1_13' title="bbox 154 1339 1202 1394">
     <span class='ocr_line' id='line_1_20' title="bbox 154 1339 1202 1394; baseline -0.005 -12"><span class='ocrx_word' id='word_1_101' title='bbox 154 1345 260 1382; x_wconf 87' lang='lat' dir='ltr'>Bene</span> <span class='ocrx_word' id='word_1_102' title='bbox 277 1353 527 1394; x_wconf 84' lang='lat' dir='ltr'>prospereque</span> <span class='ocrx_word' id='word_1_103' title='bbox 545 1340 616 1377; x_wconf 86' lang='lat' dir='ltr'>hoc</span> <span class='ocrx_word' id='word_1_104' title='bbox 633 1339 746 1377; x_wconf 85' lang='lat' dir='ltr'>hodie</span> <span class='ocrx_word' id='word_1_105' title='bbox 764 1339 885 1390; x_wconf 87' lang='lat' dir='ltr'>operis</span> <span class='ocrx_word' id='word_1_106' title='bbox 901 1339 1079 1389; x_wconf 54' lang='lat' dir='ltr'>processit</span> <span class='ocrx_word' id='word_1_107' title='bbox 1095 1339 1202 1377; x_wconf 89' lang='lat' dir='ltr'>mihi.</span> 
     </span>
    </p>

    <p class='ocr_par' dir='ltr' id='par_1_14' title="bbox 151 1392 983 1439">
     <span class='ocr_line' id='line_1_21' title="bbox 151 1392 983 1439; baseline -0.007 -5"><span class='ocrx_word' id='word_1_108' title='bbox 151 1396 296 1434; x_wconf 89' lang='lat' dir='ltr'>Amovi</span> <span class='ocrx_word' id='word_1_109' title='bbox 314 1409 336 1432; x_wconf 90' lang='lat' dir='ltr'>a</span> <span class='ocrx_word' id='word_1_110' title='bbox 353 1394 496 1432; x_wconf 91' lang='lat' dir='ltr'>foribus</span> <span class='ocrx_word' id='word_1_111' title='bbox 515 1405 738 1430; x_wconf 82' lang='lat' dir='ltr'>maxumam</span> <span class='ocrx_word' id='word_1_112' title='bbox 757 1392 983 1439; x_wconf 80' lang='lat' dir='ltr'>molestiam,</span> 
     </span>
    </p>

    <p class='ocr_par' dir='ltr' id='par_1_15' title="bbox 153 1444 973 1495">
     <span class='ocr_line' id='line_1_22' title="bbox 153 1444 973 1495; baseline -0.007 -8"><span class='ocrx_word' id='word_1_113' title='bbox 153 1449 259 1487; x_wconf 82' lang='lat' dir='ltr'>Pan-i</span> <span class='ocrx_word' id='word_1_114' title='bbox 277 1456 321 1486; x_wconf 91' lang='lat' dir='ltr'>ut</span> <span class='ocrx_word' id='word_1_115' title='bbox 338 1448 465 1485; x_wconf 88' lang='lat' dir='ltr'>liceret</span> <span class='ocrx_word' id='word_1_116' title='bbox 484 1453 566 1483; x_wconf 90' lang='lat' dir='ltr'>tuto</span> <span class='ocrx_word' id='word_1_117' title='bbox 585 1446 692 1482; x_wconf 83' lang='lat' dir='ltr'>illam</span> <span class='ocrx_word' id='word_1_118' title='bbox 712 1444 973 1495; x_wconf 87' lang='lat' dir='ltr'>amplexarier.</span> 
     </span>
    </p>

    <p class='ocr_par' dir='ltr' id='par_1_16' title="bbox 151 1497 1253 1599">
     <span class='ocr_line' id='line_1_23' title="bbox 151 1497 1253 1548; baseline -0.004 -8"><span class='ocrx_word' id='word_1_119' title='bbox 151 1503 246 1540; x_wconf 89' lang='lat' dir='ltr'>Jam</span> <span class='ocrx_word' id='word_1_120' title='bbox 272 1501 337 1538; x_wconf 88' lang='lat' dir='ltr'>ille</span> <span class='ocrx_word' id='word_1_121' title='bbox 356 1500 448 1537; x_wconf 82' lang='lat' dir='ltr'>illuc</span> <span class='ocrx_word' id='word_1_122' title='bbox 471 1498 520 1536; x_wconf 87' lang='lat' dir='ltr'>ad</span> <span class='ocrx_word' id='word_1_123' title='bbox 541 1498 680 1536; x_wconf 92' lang='lat' dir='ltr'>herum</span> <span class='ocrx_word' id='word_1_124' title='bbox 702 1510 820 1548; x_wconf 90' lang='lat' dir='ltr'>quom</span> <span class='ocrx_word' id='word_1_125' title='bbox 838 1497 1162 1548; x_wconf 89' lang='lat' dir='ltr'>Amphitruonem</span> <span class='ocrx_word' id='word_1_126' title='bbox 1185 1499 1253 1536; x_wconf 84' lang='lat' dir='ltr'>ad·</span> 
     </span>
     <span class='ocr_line' id='line_1_24' title="bbox 312 1552 468 1599; baseline -0.006 -8"><span class='ocrx_word' id='word_1_127' title='bbox 312 1552 468 1599; x_wconf 86' lang='lat' dir='ltr'>venerit,</span> 
     </span>
    </p>

    <p class='ocr_par' dir='ltr' id='par_1_17' title="bbox 152 1603 1259 1654">
     <span class='ocr_line' id='line_1_25' title="bbox 152 1603 1259 1654; baseline -0.004 -9"><span class='ocrx_word' id='word_1_128' title='bbox 152 1608 195 1645; x_wconf 88' lang='lat' dir='ltr'>N</span> <span class='ocrx_word' id='word_1_129' title='bbox 197 1606 349 1654; x_wconf 87' lang='lat' dir='ltr'>arrabit,</span> <span class='ocrx_word' id='word_1_130' title='bbox 370 1618 519 1644; x_wconf 89' lang='lat' dir='ltr'>servum</span> <span class='ocrx_word' id='word_1_131' title='bbox 536 1604 626 1641; x_wconf 80' lang='lat' dir='ltr'>hinc</span> <span class='ocrx_word' id='word_1_132' title='bbox 646 1617 723 1642; x_wconf 87' lang='lat' dir='ltr'>sese</span> <span class='ocrx_word' id='word_1_133' title='bbox 741 1617 763 1642; x_wconf 93' lang='lat' dir='ltr'>a</span> <span class='ocrx_word' id='word_1_134' title='bbox 781 1603 923 1642; x_wconf 83' lang='lat' dir='ltr'>foribus</span> <span class='ocrx_word' id='word_1_135' title='bbox 943 1604 1089 1642; x_wconf 83' lang='lat' dir='ltr'>Sosiam</span> <span class='ocrx_word' id='word_1_136' title='bbox 1235 1607 1259 1641; x_wconf 77' lang='grc' dir='ltr'><em>ὃ</em></span> 
     </span>
    </p>

    <p class='ocr_par' dir='ltr' id='par_1_18' title="bbox 151 1656 978 1699">
     <span class='ocr_line' id='line_1_26' title="bbox 151 1656 978 1699; baseline -0.007 0"><span class='ocrx_word' id='word_1_137' title='bbox 151 1660 378 1699; x_wconf 86' lang='lat' dir='ltr'>Amovisse:</span> <span class='ocrx_word' id='word_1_138' title='bbox 409 1658 473 1696; x_wconf 85' lang='lat' dir='ltr'>ille</span> <span class='ocrx_word' id='word_1_139' title='bbox 492 1657 585 1695; x_wconf 89' lang='lat' dir='ltr'>adeo</span> <span class='ocrx_word' id='word_1_140' title='bbox 603 1657 716 1694; x_wconf 85' lang='lat' dir='ltr'>illum</span> <span class='ocrx_word' id='word_1_141' title='bbox 735 1656 887 1694; x_wconf 89' lang='lat' dir='ltr'>mentiri</span> <span class='ocrx_word' id='word_1_142' title='bbox 906 1657 978 1695; x_wconf 86' lang='lat' dir='ltr'>sibi</span> 
     </span>
    </p>

    <p class='ocr_par' dir='ltr' id='par_1_19' title="bbox 151 1710 1194 1762">
     <span class='ocr_line' id='line_1_27' title="bbox 151 1710 1194 1762; baseline -0.003 -11"><span class='ocrx_word' id='word_1_143' title='bbox 151 1713 315 1758; x_wconf 80' lang='lat' dir='ltr'>Credet3</span> <span class='ocrx_word' id='word_1_144' title='bbox 345 1724 467 1762; x_wconf 90' lang='lat' dir='ltr'>neque</span> <span class='ocrx_word' id='word_1_145' title='bbox 486 1710 609 1749; x_wconf 86' lang='lat' dir='ltr'>credet</span> <span class='ocrx_word' id='word_1_146' title='bbox 626 1710 702 1747; x_wconf 87' lang='lat' dir='ltr'>hue</span> <span class='ocrx_word' id='word_1_147' title='bbox 720 1710 945 1760; x_wconf 84' lang='lat' dir='ltr'>profectum,</span> <span class='ocrx_word' id='word_1_148' title='bbox 964 1717 1008 1747; x_wconf 91' lang='lat' dir='ltr'>ut</span> <span class='ocrx_word' id='word_1_149' title='bbox 1021 1710 1194 1759; x_wconf 80' lang='lat' dir='ltr'>jusserat.</span> 
     </span>
    </p>

    <p class='ocr_par' dir='ltr' id='par_1_20' title="bbox 151 1763 900 1814">
     <span class='ocr_line' id='line_1_28' title="bbox 151 1763 900 1814; baseline -0.005 -10"><span class='ocrx_word' id='word_1_150' title='bbox 151 1766 302 1805; x_wconf 89' lang='lat' dir='ltr'>Erroris</span> <span class='ocrx_word' id='word_1_151' title='bbox 321 1767 433 1802; x_wconf 88' lang='lat' dir='ltr'>ambo</span> <span class='ocrx_word' id='word_1_152' title='bbox 453 1777 520 1814; x_wconf 88' lang='lat' dir='ltr'>ego</span> <span class='ocrx_word' id='word_1_153' title='bbox 541 1764 625 1801; x_wconf 87' lang='lat' dir='ltr'>illos</span> <span class='ocrx_word' id='word_1_154' title='bbox 644 1770 681 1801; x_wconf 90' lang='lat' dir='ltr'>et</span> <span class='ocrx_word' id='word_1_155' title='bbox 699 1763 900 1801; x_wconf 88' lang='lat' dir='ltr'>dementiae</span> 
     </span>
    </p>

    <p class='ocr_par' dir='ltr' id='par_1_21' title="bbox 152 1816 1213 1869">
     <span class='ocr_line' id='line_1_29' title="bbox 152 1816 1213 1869; baseline -0.002 -12"><span class='ocrx_word' id='word_1_156' title='bbox 152 1819 376 1869; x_wconf 84' lang='lat' dir='ltr'>Complebo‚</span> <span class='ocrx_word' id='word_1_157' title='bbox 396 1825 510 1869; x_wconf 88' lang='lat' dir='ltr'>atque</span> <span class='ocrx_word' id='word_1_158' title='bbox 528 1829 681 1854; x_wconf 89' lang='lat' dir='ltr'>omnem</span> <span class='ocrx_word' id='word_1_159' title='bbox 699 1816 994 1867; x_wconf 86' lang='lat' dir='ltr'>Amphitruonis</span> <span class='ocrx_word' id='word_1_160' title='bbox 1012 1817 1213 1865; x_wconf 82' lang='lat' dir='ltr'>familiam,</span> 
     </span>
    </p>

    <p class='ocr_par' dir='ltr' id='par_1_22' title="bbox 151 1870 1260 1922">
     <span class='ocr_line' id='line_1_30' title="bbox 151 1870 1260 1922; baseline -0.002 -12"><span class='ocrx_word' id='word_1_161' title='bbox 151 1872 263 1910; x_wconf 92' lang='lat' dir='ltr'>Adeo</span> <span class='ocrx_word' id='word_1_162' title='bbox 280 1884 414 1922; x_wconf 83' lang='lat' dir='ltr'>usque,</span> <span class='ocrx_word' id='word_1_163' title='bbox 435 1871 643 1908; x_wconf 88' lang='lat' dir='ltr'>satietatem</span> <span class='ocrx_word' id='word_1_164' title='bbox 662 1870 755 1906; x_wconf 87' lang='lat' dir='ltr'>dum</span> <span class='ocrx_word' id='word_1_165' title='bbox 776 1870 897 1919; x_wconf 85' lang='lat' dir='ltr'>capiet</span> <span class='ocrx_word' id='word_1_166' title='bbox 914 1878 1020 1920; x_wconf 86' lang='lat' dir='ltr'>pater</span> <span class='ocrx_word' id='word_1_167' title='bbox 1211 1871 1260 1908; x_wconf 89' lang='grc'>10</span> 
     </span>
    </p>

    <p class='ocr_par' dir='ltr' id='par_1_23' title="bbox 153 1922 1187 1976">
     <span class='ocr_line' id='line_1_31' title="bbox 153 1922 1187 1976; baseline -0.001 -13"><span class='ocrx_word' id='word_1_168' title='bbox 153 1926 265 1963; x_wconf 83' lang='lat' dir='ltr'>Illius</span> <span class='ocrx_word' id='word_1_169' title='bbox 284 1937 401 1976; x_wconf 88' lang='lat' dir='ltr'>quam</span> <span class='ocrx_word' id='word_1_170' title='bbox 419 1931 533 1961; x_wconf 84' lang='lat' dir='ltr'>amat.</span> <span class='ocrx_word' id='word_1_171' title='bbox 588 1923 713 1974; x_wconf 87' lang='lat' dir='ltr'>Igitur</span> <span class='ocrx_word' id='word_1_172' title='bbox 732 1922 888 1960; x_wconf 89' lang='lat' dir='ltr'>demum</span> <span class='ocrx_word' id='word_1_173' title='bbox 907 1935 1038 1961; x_wconf 87' lang='lat' dir='ltr'>omnes</span> <span class='ocrx_word' id='word_1_174' title='bbox 1056 1924 1187 1973; x_wconf 84' lang='lat' dir='ltr'>scient,</span> 
     </span>
    </p>

    <p class='ocr_par' dir='ltr' id='par_1_24' title="bbox 153 1976 1064 2028">
     <span class='ocr_line' id='line_1_32' title="bbox 153 1976 1064 2028; baseline -0.003 -12"><span class='ocrx_word' id='word_1_175' title='bbox 153 1979 253 2026; x_wconf 85' lang='lat' dir='ltr'>Quae</span> <span class='ocrx_word' id='word_1_176' title='bbox 271 1979 380 2016; x_wconf 87' lang='lat' dir='ltr'>facta.</span> <span class='ocrx_word' id='word_1_177' title='bbox 435 1977 614 2028; x_wconf 89' lang='lat' dir='ltr'>Denique</span> <span class='ocrx_word' id='word_1_178' title='bbox 633 1976 890 2014; x_wconf 84' lang='lat' dir='ltr'>Alcumenam</span> <span class='ocrx_word' id='word_1_179' title='bbox 908 1976 1064 2027; x_wconf 83' lang='lat' dir='ltr'>Jupiter</span> 
     </span>
    </p>

    <p class='ocr_par' dir='ltr' id='par_1_25' title="bbox 151 2029 1046 2082">
     <span class='ocr_line' id='line_1_33' title="bbox 151 2029 1046 2082; baseline -0.004 -12"><span class='ocrx_word' id='word_1_180' title='bbox 151 2032 314 2082; x_wconf 87' lang='lat' dir='ltr'>Rediget</span> <span class='ocrx_word' id='word_1_181' title='bbox 332 2030 529 2081; x_wconf 86' lang='lat' dir='ltr'>antiquam</span> <span class='ocrx_word' id='word_1_182' title='bbox 547 2031 587 2068; x_wconf 87' lang='lat' dir='ltr'>in</span> <span class='ocrx_word' id='word_1_183' title='bbox 606 2029 840 2068; x_wconf 82' lang='lat' dir='ltr'>concordiam</span> <span class='ocrx_word' id='word_1_184' title='bbox 861 2029 1046 2079; x_wconf 86' lang='lat' dir='ltr'>conjugis.</span> 
     </span>
    </p>

    <p class='ocr_par' dir='ltr' id='par_1_26' title="bbox 152 2082 1151 2133">
     <span class='ocr_line' id='line_1_34' title="bbox 152 2082 1151 2133; baseline -0.002 -11"><span class='ocrx_word' id='word_1_185' title='bbox 152 2085 257 2122; x_wconf 90' lang='lat' dir='ltr'>Nam</span> <span class='ocrx_word' id='word_1_186' title='bbox 278 2084 510 2133; x_wconf 87' lang='lat' dir='ltr'>Amphitruo</span> <span class='ocrx_word' id='word_1_187' title='bbox 528 2091 699 2122; x_wconf 89' lang='lat' dir='ltr'>actutum</span> <span class='ocrx_word' id='word_1_188' title='bbox 718 2082 830 2120; x_wconf 87' lang='lat' dir='ltr'>uxori</span> <span class='ocrx_word' id='word_1_189' title='bbox 847 2084 976 2120; x_wconf 87' lang='lat' dir='ltr'>turbas</span> <span class='ocrx_word' id='word_1_190' title='bbox 995 2083 1151 2129; x_wconf 86' lang='lat' dir='ltr'>conciet,</span> 
     </span>
    </p>

    <p class='ocr_par' dir='ltr' id='par_1_27' title="bbox 152 2135 1256 2190">
     <span class='ocr_line' id='line_1_35' title="bbox 152 2135 1256 2190; baseline -0.001 -14"><span class='ocrx_word' id='word_1_191' title='bbox 152 2139 282 2190; x_wconf 89' lang='lat' dir='ltr'>Atque</span> <span class='ocrx_word' id='word_1_192' title='bbox 296 2136 530 2176; x_wconf 89' lang='lat' dir='ltr'>insimulabit</span> <span class='ocrx_word' id='word_1_193' title='bbox 545 2149 628 2175; x_wconf 89' lang='lat' dir='ltr'>eam</span> <span class='ocrx_word' id='word_1_194' title='bbox 643 2135 780 2187; x_wconf 87' lang='lat' dir='ltr'>probri.</span> <span class='ocrx_word' id='word_1_195' title='bbox 821 2135 927 2173; x_wconf 89' lang='lat' dir='ltr'>Tum</span> <span class='ocrx_word' id='word_1_196' title='bbox 942 2148 1049 2174; x_wconf 89' lang='lat' dir='ltr'>meus</span> <span class='ocrx_word' id='word_1_197' title='bbox 1064 2143 1170 2187; x_wconf 89' lang='lat' dir='ltr'>pater</span> <span class='ocrx_word' id='word_1_198' title='bbox 1209 2137 1256 2175; x_wconf 84' lang='lat'>15</span> 
     </span>
    </p>
   </div>
  </div>
 </body>
</html>
