1412 2427
456 68 798 109 BACCHIDES.
828 69 902 108 lv.
933 71 970 108 9.
1188 67 1267 107 213

156 176 258 214 Nic.
285 178 313 198 “
335 175 377 213 Ν
379 187 455 214 unc
473 175 505 213 si
522 187 585 213 me
603 174 660 213 fas
679 183 736 214 est
755 176 948 214 obsecrare
969 177 1036 214 abs
1055 182 1104 223 te,
1123 182 1245 226 pater,

151 227 217 266 Da
234 228 331 266 mihi
348 227 528 267 ducentos
546 240 728 267 nummos
747 228 963 279 Philippos,
984 236 1022 267 te
1039 229 1232 267 obsecro.”

159 282 256 320 Chr.
279 283 343 320 Ne
359 294 483 320 unum
500 281 657 334 quidem
680 282 868 331 (hercle),
888 282 919 320 si
938 282 1053 333 sapis.

827 337 880 373 N
880 337 927 373 ie.
945 336 1036 374 Sine
1052 337 1244 387 perlegam
1260 350 1271 374 ε

150 391 180 411 “
201 389 287 440 Ego
301 390 574 439 jusjurandum
593 389 718 428 verbis
737 389 927 439 conceptis
947 388 1049 436 dedi,
1191 391 1266 428 105

153 441 352 481 Daturum
370 443 410 481 id
428 456 491 482 me
508 443 621 481 hodie
638 442 791 481 mulieri
810 450 898 480 ante
917 455 1133 494 vesperum,

152 496 382 547 Priusquam
403 510 425 534 a
443 510 506 535 me
524 497 655 534 abiret.
711 496 843 543 Nunc,
863 503 984 547 pater,
1004 509 1052 533 ne
1069 497 1248 547 pejerem,

153 549 280 594 Cura3
301 557 416 601 atque
430 550 574 588 abduce
584 562 648 587 me
661 550 750 588 hinc
763 551 811 588 ab
825 549 910 596 hac,
927 556 1116 600 quantum
1131 557 1267 601 potest,

152 602 284 650 Quam
305 610 456 654 propter
473 612 622 641 tantum
642 603 772 641 damni
789 603 861 641 feci
879 611 917 640 et
933 603 1068 654 flagiti.

153 656 255 694 Cave
274 656 344 694 tibi
362 657 514 695 ducenti
533 657 683 694 nummi
701 656 852 694 dividiae
869 656 991 695 fuant.
1191 656 1268 695 110

152 709 338 748 Sexcenta
356 717 462 748 tanta
480 710 650 755 reddam,
672 710 703 748 si
721 709 821 757 vivo,
840 709 923 748 tibi.

149 761 264 811 Vale,
290 771 405 815 atque
427 763 508 802 haec
529 763 713 802 cura-''—
723 762 833 811 Quid
856 775 959 803 nunc
983 777 1124 813 censes,
1145 764 1270 816 Chry-

314 818 393 855 sale
406 819 423 856 Ρ

155 871 250 909 Chr.
276 871 389 909 Nihil
407 884 477 922 ego
496 871 565 910 tibi
586 871 698 909 hodie
716 870 848 909 consili
869 871 1082 923 quidquam
1103 871 1228 910 dabo:

152 923 293 975 Neque
311 937 381 975 ego
398 925 504 963 haud
528 925 779 973 committam,
812 933 870 973 ut,
900 925 1045 977 siquid
1070 933 1269 976 peccatum

315 986 398 1027 Siet,

153 1031 304 1070 Fecisse
318 1032 419 1070 dicas
438 1031 486 1070 de
504 1045 591 1070 mea
609 1031 805 1070 sententia.
1197 1032 1271 1070 115

152 1084 316 1132 Verum,
340 1087 402 1137 (ut
421 1098 491 1136 ego
509 1085 661 1136 opinor)
683 1085 714 1123 si
733 1098 803 1136 ego
821 1085 861 1123 in
880 1085 973 1124 istoc
992 1085 1086 1124 siem
1105 1087 1202 1132 loco,

154 1137 259 1176 Dem
279 1140 406 1189 potius
424 1151 576 1185 aurum,
597 1152 715 1190 quam
734 1139 845 1176 illum
865 1139 1057 1191 corrumpi
1075 1139 1214 1177 sinam.

154 1191 256 1229 Duae
274 1193 507 1230 conditiones
524 1201 640 1231 sunt·
671 1200 798 1230 utram
819 1200 860 1230 tu
880 1193 1056 1243 accipias,
1078 1193 1188 1240 vide;

154 1245 230 1282 Vel
248 1252 291 1282 ut
310 1259 447 1283 aurum
465 1245 614 1296 perdas,
635 1247 695 1284 vel
713 1254 757 1283 ut
775 1254 922 1284 amator
940 1248 1092 1296 pejeret.

153 1298 240 1348 Ego
258 1311 381 1349 neque
401 1307 437 1337 te
451 1301 582 1348 jubeo,
603 1311 726 1351 neque
741 1308 839 1347 veto,
861 1313 984 1351 neque
1003 1299 1155 1338 suadeo.
1188 1300 1265 1338 120

157 1354 254 1390 Nic.
274 1352 435 1391 Miseret
452 1365 514 1390 me
532 1353 648 1391 illius.

547 1408 641 1445 Chr.
663 1406 775 1444 Tuus
795 1414 874 1451 est3
906 1419 982 1444 non
1002 1406 1146 1445 mirum
1164 1407 1270 1446 facis.

153 1460 195 1499 Si
213 1460 302 1511 plus
319 1459 563 1511 perdundum
583 1461 644 1507 sit,
665 1462 805 1510 perisse
824 1460 1022 1508 suaviu’st,

153 1514 284 1561 Quam
309 1514 406 1552 illud
425 1513 614 1564 flagitium
633 1513 744 1563 volgo
764 1513 1021 1564 dispalescere.

157 1569 210 1605 N
211 1569 257 1604 ic.
279 1569 368 1614 Nae,
386 1567 451 1605 ille
461 1566 634 1618 (edepol)
647 1567 792 1618 Ephesi
806 1567 930 1604 multo
945 1568 1145 1606 mavellem
1159 1567 1268 1614 foret,

157 1620 266 1658 Dum
286 1621 413 1659 salvus
433 1629 542 1667 esset,
564 1634 681 1671 quam
700 1620 903 1658 revenisset
920 1620 1092 1659 domum.
1197 1622 1271 1659 125

155 1673 263 1721 Quin
291 1687 359 1725 ego
384 1674 495 1721 istuc,
521 1674 623 1725 quod
651 1673 893 1725 perdundum
913 1674 974 1723 'st,
1000 1688 1161 1727 propero
1187 1688 1273 1727 per-

313 1728 398 1765 dere
412 1730 429 1765 ?

156 1779 275 1818 Binos
295 1780 474 1819 ducentos
493 1780 695 1831 Philippos
709 1781 793 1842 jam
810 1780 915 1819 intus
935 1781 1114 1829 efferam3

157 1833 210 1870 Et
228 1834 342 1871 militi
359 1846 454 1884 quos
472 1833 621 1872 dudum
639 1834 795 1884 promisi
814 1834 942 1883 miser,

154 1886 209 1924 Et
227 1887 330 1925 istos.
386 1886 531 1924 Mane
522 1888 628 1925 istic·
656 1888 735 1936 jam
757 1900 850 1925 exeo
868 1888 917 1925 ad
936 1897 987 1935 te,
1010 1889 1204 1941 Chrysale.

160 1941 258 1978 Chr
294 1941 358 1978 Fit
389 1948 494 1978 vasta
526 1940 668 1990 Troja;
710 1941 887 1979 scindunt
924 1955 1094 1994 proceres
1128 1944 1270 1993 Perga-

316 2006 439 2032 mum.
1198 1997 1272 2033 130

156 2047 257 2086 Scivi
275 2060 345 2098 ego
360 2046 591 2097 jamdudum
610 2047 689 2086 fore
706 2061 769 2086 me
788 2049 949 2086 exitium
971 2050 1173 2099 Pergamo.

155 2100 322 2152 Edepol,
342 2100 410 2152 qui
429 2113 492 2138 me
510 2113 589 2139 aese
607 2100 707 2139 dicat
725 2103 894 2139 cruciatu
916 2103 1019 2140 malo

157 2153 347 2205 Dignum,
368 2166 441 2203 nae,
459 2167 527 2206 ego
542 2167 630 2193 curn
649 2154 716 2193 illo
734 2155 875 2206 pignus
891 2155 995 2193 haud
1013 2154 1139 2192 ausim
1157 2155 1246 2194 dare
1261 2169 1274 2201 ς
