1412 2427
421 47 760 88 BACCHIDES.
790 49 823 88 1.
858 51 891 87 l.
1138 50 1212 90 169

261 156 366 192 Pist.
395 153 501 201 Quia
518 154 646 205 lepida
661 162 751 192 sunt
769 155 871 193 istaec
889 164 1127 201 memoratu;
1158 159 1210 195 28

102 209 250 248 Eadem
269 207 308 244 in
329 220 414 251 usu,
435 216 549 259 atque
567 208 635 246 ubi
653 208 866 258 periculum
889 209 1018 257 facias,
1043 211 1212 249 aculeata

99 269 512 359 Animursnunftodicann
540 316 642 352 bona
670 313 932 362 destimulant‚
962 314 1062 354 facta
1091 324 1128 354 et
1156 316 1214 354 fa-

258 381 362 406 mam
382 368 565 406 sauciant.
1159 371 1212 409 30

102 425 200 460 Bac.
228 422 282 461 Et
300 421 394 473 quid
412 423 460 459 ab
479 422 550 459 hac
567 420 705 459 metuis
720 424 738 459 Ρ

490 477 595 512 Pist.
621 474 727 522 Quid
748 488 817 525 ego
836 483 1020 523 metuam,
1041 475 1211 526 rogitas?

590 529 705 566 homo
724 528 1024 566 adolescentulus

101 582 303 621 Penetrare
329 581 582 631 hujusmodi
573 594 612 620 ln
634 581 862 633 palaestram,
886 583 954 620 ubi
974 581 1123 620 damnis
1147 583 1211 620 de-

261 635 484 683 sudascstur,

100 689 180 730 Ubi
198 702 268 740 pro
286 689 387 728 disco
406 689 590 727 damnum
603 688 763 739 capiam,
775 701 844 740 pro
855 701 1010 727 cursura
1021 669 1204 729 dedecus
1193 690 1211 715 '²

101 745 199 781 Bac.
227 743 374 794 Lepide
391 755 591 780 memoras.

234 798 338 835 Pist.
366 795 446 834 Ubi
465 808 533 847 ego
552 795 699 847 capiam
717 808 785 846 pro
803 794 990 833 machaera
1008 802 1208 841 turturem,

98 850 255 901 Ubique
264 850 437 902 imponat
450 849 490 887 in
509 861 669 887 manum
686 849 786 888 alius
800 850 896 888 mihi
914 862 982 901 pro
1000 858 1103 888 cestu
1122 863 1210 889 can-

255 904 408 942 tharum
424 918 436 950 ;
1155 904 1208 941 35

97 957 174 995 Pro
191 956 300 1008 gale&
318 956 530 1008 scaphium,
550 968 619 1007 pro
638 955 776 1007 insigni
795 955 843 994 sit
862 956 1001 994 corolla
1018 957 1195 1007 plectilis,

95 1011 173 1049 Pro
201 1011 312 1048 hasta
341 1011 465 1057 talus;
505 1022 574 1061 pro
596 1009 711 1047 loric&
733 1009 924 1047 malacum
950 1010 1097 1060 capiam
1126 1010 1210 1062 pal-

257 1063 353 1101 lium
368 1079 378 1102 :

96 1117 177 1156 Ubi
193 1116 290 1154 mihi
311 1130 380 1168 pro
403 1129 501 1168 equo
525 1116 644 1155 lectus
668 1115 794 1163 detur,
818 1122 983 1155 scortum
1005 1129 1074 1168 pro
1104 1123 1209 1155 scuto

255 1172 422 1209 accubet.

97 1224 234 1276 Apage
252 1237 275 1262 a
292 1237 354 1261 me
369 1225 378 1261 !
410 1237 529 1275 apage
544 1224 554 1261 !

256 1280 353 1316 Bac.
383 1276 474 1315 Ah!
506 1278 670 1316 nimium
689 1277 789 1316 ferus
808 1288 859 1314 ω.

524 1333 631 1369 Pist.
660 1330 764 1369 Mihi
784 1342 884 1368 sum.

700 1387 798 1422 Bac.
825 1382 1134 1422 Malacissandus
1154 1397 1208 1424 es.

92 1438 285 1491 Equidem
304 1438 374 1476 tibi
395 1437 445 1477 do
462 1438 562 1476 hanc
576 1450 742 1499 operam.

308 1493 415 1530 Pist.
445 1493 500 1530 At
517 1492 682 1530 nimium
699 1489 863 1543 pretiosa
880 1501 920 1528 ω
938 1490 1121 1542 operaria.
1153 1493 1206 1530 40

93 1548 189 1584 Bae.
219 1545 407 1585 Simulato
424 1559 487 1584 me
504 1558 643 1584 amare.

586 1600 692 1637 Pist.
720 1598 864 1637 Utrum
882 1609 953 1648 ego
969 1597 1063 1636 istoc
1078 1597 1204 1648 jocon'

680 1651 914 1698 assimulem‚
935 1663 984 1689 an
1004 1651 1127 1690 serio?

91 1708 187 1744 Bac.
231 1705 360 1743 Heia!
390 1705 462 1745 hoc
483 1719 593 1758 agere
614 1705 805 1744 meliu’st:
847 1705 966 1743 Miles
988 1717 1106 1756 quom
1129 1705 1204 1745 huc

251 1759 438 1807 adveniat,
459 1768 495 1798 te
513 1759 600 1798 volo

93 1811 165 1851 Me
182 1812 405 1864 amplexari.

307 1867 414 1904 Pist.
441 1865 548 1914 Quid
566 1880 609 1906 eo
626 1867 724 1906 mihi
740 1867 867 1918 opu’st
884 1868 902 1905 ?

598 1924 696 1960 Bac.
727 1922 785 1961 Ut
805 1920 870 1959 ille
888 1927 925 1958 te
945 1918 1085 1966 videat,
1105 1919 1202 1958 volo.

90 1972 189 2021 Scio,
210 1972 304 2025 quid
322 1985 405 2026 ago.

414 2029 530 2066 Pist:
551 2028 605 2067 Et
625 2026 727 2080 (pol)
746 2040 816 2078 ego
835 2027 925 2076 scio,
946 2026 1041 2079 quid
1058 2032 1201 2064 metuo.

517 2081 592 2121 Sed
610 2082 703 2133 quid
722 2081 804 2121 ais?

809 2137 907 2173 Bac.
936 2133 1045 2182 Quid
1063 2131 1148 2171 est?

144 2196 249 2226 vox..
270 2199 300 2228 1.
1011 2196 1040 2226 Q
