1412 2427
329 39 668 80 BACCHIDES.
680 63 730 70 -
746 41 1061 81 PROLOGUS.

519 195 849 236 SUPPOSITA.

1175 43 1248 81 163

183 336 470 388 Argumentum
482 336 708 388 praecedens,
726 336 926 387 Prologus,
943 339 1119 377 etScenae
1137 340 1240 390 prin-

130 390 224 441 cipis
258 390 427 437 initium,
461 398 516 428 αῖ
548 403 595 427 ex
625 389 788 428 editione
818 390 1035 429 Coloniensi
1074 392 1239 430 Gisberti

131 443 324 494 Iaongolii,
350 443 602 492 Ultrajectini.
652 443 865 481 Fabulatur
898 445 1084 492 Lascaris,
1112 458 1238 496 gram-

130 497 291 535 maticus
320 496 384 534 ille
414 497 586 544 Graecus,
623 497 664 534 in
693 495 852 547 epistolii
881 497 931 535 ad
958 499 1166 543 Bembum,
1200 512 1239 537 sc

130 549 322 589 Moesanae
338 551 378 588 in
397 550 525 588 Sicilia
543 550 614 588 ista
630 549 827 588 invenisse.
866 551 966 590 Sunt
984 552 1112 599 etiam,
1133 552 1200 603 qui
1219 566 1240 590 a

128 603 327 642 Francisco
357 603 560 642 Petrarchss.
589 603 746 642 conficta
773 604 987 656 opinentur.
1037 606 1168 644 Etiam
1198 605 1238 643 in

128 656 330 695 Basiliensi
348 656 510 696 editione
527 657 720 707 leguntur.

616 798 759 832 -Φ-

274 923 607 976 SILENUS
646 922 1081 979 PROLOGUS.

124 1045 274 1083 Mirum
293 1044 405 1084 hodie
423 1045 484 1094 'st,
505 1044 545 1083 ni
563 1052 787 1097 spectatores
806 1046 847 1083 in
864 1044 1053 1084 subselliis

123 1099 320 1137 Ridiculos
339 1106 522 1150 strepunt,
544 1099 723 1146 tussiunt,
743 1099 928 1138 rhonchos
945 1099 1058 1142 cient,

123 1152 354 1191 Consulcant
371 1152 547 1197 frontem,
568 1161 604 1191 et
622 1165 685 1191 ore
702 1152 938 1204 concrepatio

119 1205 353 1257 Frequenter
368 1206 549 1254 fremunt,
569 1213 683 1257 atque
701 1207 801 1245 male
817 1205 1031 1244 mussitant.

119 1259 201 1297 Vix
218 1259 257 1297 in
275 1259 436 1308 juventa
452 1259 579 1298 locum
597 1259 792 1298 obtineant

117 1317 204 1350 Aut
222 1313 345 1362 glabri
360 1312 573 1359 histriones,
592 1321 658 1351 aut
675 1313 837 1364 pervolsi
854 1312 965 1352 ludii.

116 1365 224 1414 Quid
243 1373 460 1404 veternosus
477 1366 603 1417 prodit
623 1367 879 1405 internuntius

112 1420 253 1465 Senex,
273 1419 340 1470 qui
358 1418 468 1458 dorso
485 1419 603 1458 fertur
621 1420 811 1458 asinario?

112 1472 325 1521 Attendite,
344 1486 486 1524 quaeso,
505 1480 620 1524 atque
638 1473 812 1512 animum
828 1472 1026 1521 advortite,

110 1525 222 1564 Dum
240 1538 379 1565 nomen
395 1526 512 1575 hujus
531 1527 686 1578 eloquor
702 1527 876 1565 statariae.

109 1579 287 1631 AEquum
305 1587 362 1618 oet
378 1591 445 1618 vos
464 1579 550 1618 Deo
567 1580 688 1618 facere
706 1579 911 1619 silentium.

109 1632 248 1671 Officio
265 1633 339 1671 oris
357 1644 434 1671 non
453 1632 558 1671 decet
575 1633 661 1672 illos
678 1633 791 1681 utier,

107 1686 203 1734 Qui,
222 1698 299 1724 non
318 1693 362 1724 ut
380 1686 559 1735 clament,
579 1686 644 1725 sed
663 1694 706 1725 ut
714 1694 905 1748 spectent,
925 1688 1096 1726 veniunt.

106 1739 249 1778 Aureis
266 1739 352 1777 date
370 1739 530 1778 otiosas·
518 1769 530 1785 ‚
560 1748 600 1778 at
618 1752 694 1778 non
711 1740 752 1778 in
770 1753 944 1780 manum.

107 1793 193 1832 Has
211 1793 297 1831 volo
314 1791 445 1831 volans
463 1806 538 1831 vox
557 1806 694 1832 vacuas
711 1793 831 1832 feriat.

107 1845 216 1896 Quid
234 1845 429 1892 veremini,
448 1846 545 1885 ictus
563 1859 611 1884 an
631 1847 707 1885 sint
720 1848 847 1887 minus
866 1849 984 1892 noxii,

104 1900 190 1949 Qui
207 1906 385 1950 repetunt
400 1899 501 1944 laxa,
522 1907 590 1938 aut
606 1899 734 1939 hiulca
751 1903 980 1940 obstruunt?

105 1953 209 1993 Estis
228 1952 407 2003 benigni;
436 1953 570 1991 merito
589 1966 654 1992 vos
671 1962 801 1992 amant
819 1956 971 1994 coelites.

107 2008 270 2046 Factum
283 2006 331 2044 ’st
348 2006 556 2054 silentium,
575 2014 698 2045 tacent
716 2008 835 2059 pueri.

106 2062 261 2100 Novam
279 2059 328 2097 ad
346 2071 426 2098 rem
441 2060 524 2109 jam
543 2072 686 2098 novum
704 2068 868 2112 spectate
886 2062 1078 2100 nuntium.

106 2115 189 2163 Qui
206 2113 294 2162 sim,
314 2126 381 2152 cur
399 2112 447 2151 ad
467 2126 531 2152 vos
550 2114 714 2163 veniam,
735 2115 866 2165 paucis
882 2115 1038 2166 eloquar
1051 2129 1062 2151 ι

1175 1527 1223 1565 10

1170 1794 1218 1833 15

1165 2062 1215 2098 20
