1412 2427
435 37 766 76 CAPTEIVEI.
790 38 825 76 1.
855 41 893 76 2.
1139 41 1219 77 229

21 148 24 150 ’
103 143 210 191 Quoi
245 143 444 195 obtigerat,
481 152 686 196 postquam
724 145 888 196 captu'st
928 144 1217 196 Philopolemus

103 252 214 301 IIeg.
245 205 376 312 Ιξῖἶὲιὲῗ(
388 250 473 302 pol)
498 250 717 289 mirandum
737 251 798 298 'st,
825 251 988 302 fugitare
1009 252 1108 290 hanc
1130 201 1217 304 1:02}

217 326 220 327 ν
257 316 436 343 vmclam.

100 356 243 395 Multis
262 365 299 396 et
316 358 632 408 multigeneribus
651 370 747 408 opus
767 365 822 395 est
840 357 910 395 tibi
1163 360 1215 396 50

98 410 308 449 Militibus.
348 411 526 449 Primum
544 411 639 449 dum
658 424 754 462 opus
778 419 833 449 aet
851 410 1142 449 Pistoriensibus
1157 426 1167 448 :

98 463 247 502 Eorum
266 473 356 503 sunt
372 477 510 516 genera
527 464 673 515 aliquot
696 464 1000 502 Pistoriensium.

97 517 211 569 Opus
229 518 416 566 Paniceis‚
437 530 534 569 opus
553 518 783 556 Placentinis
797 530 964 569 quoque,

97 570 208 621 Opus
229 571 472 616 Turdetanis,
493 583 589 622 opus
608 579 663 609 oet
682 571 1016 609 Ficedulensibus:

97 625 193 662 Jam
211 624 409 662 maritumi
426 636 557 662 omnes
575 625 715 663 milites
733 637 828 675 opus
846 632 934 662 sunt
953 624 1035 663 tibi.
1160 627 1216 662 55

97 680 202 727 Erg.
235 678 291 716 Ut
309 691 407 729 saepe
425 690 577 716 summa
593 678 744 729 ingenia
762 678 800 715 in
820 678 967 716 occulto
984 678 1103 717 latent
1119 679 1129 716 !

97 731 191 779 Hie,
212 731 335 782 qualis
353 731 571 782 imperator,
591 743 694 769 nunc
710 731 881 782 privatus
899 739 953 770 est
970 732 979 769 !

99 786 209 835 Heg.
238 784 353 823 Habe
370 784 486 822 modo
504 786 650 822 bonum
669 785 864 823 animum:
886 797 976 822 nam
995 785 1108 824 illum
1122 798 1210 824 con-

258 838 335 876 fido
354 838 514 876 domum

98 892 148 931 In
166 890 227 930 his
245 891 378 930 diebus
395 905 459 930 me
477 892 785 931 reconciliassere.

98 945 221 993 Nam,
257 958 413 1046 Σοιειιὶῗῑῐὲζ
450 945 645 996 captivum
680 945 745 984 hic
780 945 1053 985 adolescentem
1092 946 1214 1037 habgg

98 1053 336 1103 ngnatum
353 1064 491 1103 genere
509 1065 675 1098 summo,
695 1060 732 1090 et
750 1052 910 1091 summis
929 1052 1094 1091 divitiis:

98 1106 187 1144 Hoc
205 1106 317 1143 illum
336 1118 399 1143 me
413 1114 575 1152 mutare,
596 1105 745 1144 confido
763 1106 855 1145 fore.

100 1162 198 1209 Erg.
229 1159 292 1197 Ita
311 1159 379 1197 Dii
398 1158 568 1210 Deaeque
586 1159 709 1197 faxint
727 1159 737 1196 !

681 1214 789 1264 Heg.
820 1213 895 1253 Sed
914 1226 1008 1251 num
1024 1226 1101 1265 quo
1116 1213 1215 1251 foras

102 1265 288 1306 Vooetu’s
305 1266 355 1305 ad
369 1278 511 1304 coenam
530 1267 546 1304 ,⁹

314 1322 415 1369 Erg.
447 1320 651 1370 Nusquam
672 1319 863 1372 equidem,
880 1319 983 1372 quod
1001 1320 1129 1359 sciam.

99 1373 175 1414 Sed
193 1372 287 1425 quid
305 1381 347 1411 tu
366 1374 406 1411 id
425 1373 562 1425 quaeris
578 1375 596 1411 ?

466 1429 575 1476 Ileg.
604 1426 708 1474 Quia
728 1427 823 1465 mihi
842 1427 1010 1466 natali’st
1028 1427 1130 1466 dies:
1163 1428 1214 1465 65

101 1482 305 1533 Propter&
323 1489 360 1518 te
378 1481 544 1519 vocarier
560 1480 610 1518 ad
628 1493 772 1519 coenam
793 1481 889 1519 volo.

96 1537 200 1585 Erg.
229 1534 366 1572 Facete
383 1534 541 1573 dictum.

525 1588 632 1637 Heg.
662 1587 737 1626 Sed
760 1588 792 1626 si
810 1588 981 1640 pauxillo
1000 1597 1106 1640 potes

100 1642 312 1681 Contentus
330 1654 422 1680 oese.

419 1697 524 1746 Erg.
555 1696 619 1734 Ne
637 1695 922 1746 perpauxillum
940 1695 1080 1739 modo;

99 1749 141 1788 N
143 1760 206 1786 am
224 1747 317 1786 istoc
335 1761 397 1787 me
413 1749 566 1787 assiduo
584 1749 685 1787 victu
705 1748 848 1787 delecto
866 1748 982 1787 domi.

100 1803 208 1852 Heg.
235 1801 326 1852 Age
343 1802 406 1848 sis,
428 1815 532 1853 rogo.

260 1856 363 1905 Erg.
392 1855 571 1899 Emtum,
589 1855 664 1893 nisi
681 1857 749 1907 qui
766 1856 962 1895 meliorem
982 1857 1125 1903 afferet,
1162 1858 1215 1901 70

103 1908 204 1956 Quae
222 1908 320 1946 mihi
337 1916 452 1960 atque
468 1909 599 1947 amicis
617 1909 764 1960 placeat
777 1910 941 1948 conditio
959 1911 1094 1961 magis.

99 1962 224 2010 Quasi
242 1961 409 1999 fundum
428 1961 606 2007 vendens,
626 1963 722 2000 meis
741 1976 803 2001 me
822 1963 996 2002 addicam
1015 1964 1174 2015 legibus.

100 2017 210 2066 Heg.
241 2015 485 2053 Profundum
503 2015 634 2054 vendis
652 2023 695 2054 tu
714 2016 886 2067 quidem,
905 2017 1009 2055 haud
1032 2017 1215 2064 fundum,

255 2069 353 2107 mihi
364 2084 377 2116 ;

102 2121 192 2169 Sed,
213 2122 245 2160 si
263 2121 474 2170 venturu’s‚
495 2122 672 2174 tempori·

151 2187 250 2214 vot.
271 2187 301 2213 1.
1075 2186 1103 2212 x
