1412 2427
442 61 784 101 BACCHIDES.
814 62 874 101 II.
902 62 940 100 3.
1172 62 1246 106 177

139 167 259 206 Haud
274 167 560 206 donnitandum
580 167 651 205 'stz
682 175 738 205 est
755 179 853 219 opus
870 168 1004 219 chryso
1023 168 1221 219 Chrysalo.

136 220 268 259 Adibo
293 221 413 269 hunc,
444 233 561 272 quem
590 220 747 272 quidem
780 233 850 272 ego
878 221 990 259 hodie
1017 221 1153 259 faciam
1184 221 1249 260 hic

206 309 209 310 γ
296 273 451 314 arietem
1224 276 1249 318 7

135 325 298 379 Phryxi,
318 329 462 379 ita-que
479 327 644 365 tondebo
657 339 750 365 auro
766 339 888 378 usque
905 327 955 365 ad
968 327 1094 366 vivam
1109 336 1247 366 cutem.

137 382 274 420 Servus
293 381 431 420 mlum
450 380 687 419 Nicobulum
706 380 925 431 Chrysalus.

140 435 236 473 Nic.
270 436 346 473 Pro
375 434 445 472 Dii
480 433 736 472 immortales!
780 433 978 484 Chrysae,
1012 434 1079 473 ubi
1112 434 1168 472 mi
1201 434 1247 472 ‘st

297 488 398 526 filius
409 487 428 523 ⁹?
1199 489 1247 525 10

140 543 237 581 Chr.
256 541 365 589 Quin
384 548 427 578 tu
444 539 615 591 primum
634 540 792 579 salutem
813 539 951 588 reddss,
971 548 1091 592 quam
1108 541 1227 579 dedi?

139 596 237 633 Nic.
267 595 402 635 Salve:
434 593 499 632 sed
519 593 676 632 ubinam
695 594 744 633 ’st
764 593 1026 633 Mnesilochus
1040 597 1058 633 9

877 648 972 687 Chr.
993 647 1117 696 Vivit,
1136 647 1247 687 valet.

139 702 191 738 N
190 702 236 739 ic.
253 701 420 741 Venitne
430 701 448 738 ?

381 757 477 795 Chr.
498 754 628 794 Venit.

571 810 669 846 Nic.
688 808 829 847 Euax!
859 807 1074 860 adspersisti
1093 822 1247 862 aquam.

136 862 292 901 Benene
310 875 430 914 usque
449 861 599 901 valuit?

515 916 610 954 Chr.
632 914 850 954 Pancratice
868 923 982 967 atque
1001 916 1190 954 athletice.

139 971 237 1007 Nic.
256 969 375 1017 ·Quid
393 968 492 1008 hoc?
521 968 599 1019 qua
617 969 730 1007 musa
754 981 843 1007 eum
872 968 961 1007 hinc
986 969 1027 1006 in
1050 969 1248 1021 Ephesum

297 1022 488 1069 miseram,
1201 1024 1248 1061 15

135 1075 344 1126 Accepime
362 1089 500 1114 aurum
520 1077 568 1113 ab
587 1075 736 1125 hospite
754 1074 1028 1113 Archidemide
1042 1078 1060 1113 9

139 1129 233 1167 Chr.
255 1129 346 1167 Heu
362 1130 372 1166 ἔ
404 1142 467 1168 cor
480 1141 610 1167 meum
629 1137 666 1166 et
684 1129 895 1175 cerebrum,
915 1128 1120 1176 Nicobule,
1136 1129 1249 1168 findi-

294 1191 368 1228 tur,

135 1236 252 1273 Istius
270 1235 437 1274 hominis
457 1236 523 1273 ubi
543 1235 583 1273 fit
603 1247 755 1287 quaque
774 1234 930 1272 mentio.

137 1289 244 1326 Tun’
264 1289 455 1340 hospitem
474 1289 585 1326 illum
606 1289 794 1336 nominas,
815 1288 963 1326 hostem
984 1296 1093 1326 tuum
1108 1289 1126 1324 ⁴?

138 1343 236 1380 A'ic.
257 1342 365 1390 Quid
383 1343 449 1390 ita,
470 1343 637 1389 obsecro,
654 1342 777 1379 hercle
791 1344 808 1379 9

525 1397 620 1434 Chr.
643 1395 748 1442 Quia
768 1394 938 1445 (edepol)
959 1404 1056 1433 certe
1075 1396 1164 1443 scio,
1194 1398 1249 1436 ‘20

134 1449 343 1497 Volcanus,
365 1449 444 1496 Sol,
466 1449 594 1494 Luna,
615 1446 719 1491 Dies,
740 1447 814 1485 Dei
835 1459 1011 1498 quatuor,

133 1503 391 1542 Scelestiorem
411 1502 563 1540 nullum
582 1502 744 1539 illuxere
763 1501 936 1539 alterum.

135 1557 232 1593 Nic.
253 1556 434 1604 Quamne
451 1554 762 1594 Archidemidem
781 1556 799 1592 9

449 1610 545 1648 Chr.
562 1608 708 1656 Quam,
728 1608 903 1659 inquam,
925 1608 1246 1649 Archidemidem.

136 1663 188 1699 N
187 1664 232 1699 ic.
252 1662 361 1710 Quid
378 1663 464 1701 fecit
478 1665 496 1701 9

324 1717 420 1754 Chr.
437 1715 544 1764 Quid
562 1727 636 1753 non
656 1715 771 1753 fecit?
800 1716 894 1766 quin
912 1724 954 1754 tu
973 1716 1013 1753 id
1031 1729 1093 1754 me
1110 1717 1249 1768 rogas?

137 1768 315 1806 Primum
332 1768 426 1807 dum
445 1768 589 1806 inficias
607 1770 661 1806 ire
679 1769 790 1820 coepit
808 1769 912 1814 filio;
1195 1773 1246 1808 25

138 1822 290 1872 Negare
309 1834 348 1860 se
364 1821 498 1860 debere
515 1822 586 1860 tibi
604 1822 822 1860 triobolum.

139 1873 335 1914 Continuo
353 1875 556 1926 antiquum
573 1875 762 1926 hospitem
781 1883 953 1914 nostrum
972 1876 1045 1915 sibi

139 1927 404 1966 Mnesilochus
422 1927 631 1976 advooevit,
652 1928 884 1979 Pelagonem
902 1942 1030 1968 senem
1047 1944 1058 1967 :

139 1982 201 2020 Eo
218 1988 414 2032 premente,
434 1981 580 2019 homini
598 1983 790 2033 extemplo
808 1983 970 2020 ostendit
988 1983 1222 2033 symbolum,

138 2033 269 2081 Quem
290 2041 370 2086 tute
387 2033 558 2080 dederas,
577 2034 626 2072 ad
644 2047 732 2073 eum
752 2042 794 2073 ut
814 2035 938 2080 ferret..
959 2035 1049 2073 filio.
1197 2037 1250 2073 30

140 2089 192 2125 N
192 2089 239 2126 ic.
262 2086 384 2135 Quid,
405 2087 470 2126 ubi
489 2088 523 2126 ei
540 2087 701 2126 ostendit
720 2088 936 2138 symbolum
954 2091 972 2126 9

891 2142 986 2179 Chr.
1007 2141 1098 2180 Infit
1117 2142 1252 2190 dicere,
