1412 2427
300 61 640 103 BACCHIDES.
651 84 705 90 —
718 59 1033 100 PROLOGUS.

114 170 340 222 Placuitque
356 169 513 207 initiatis
533 167 755 215 Trieteride,

111 226 220 272 Quas
237 224 400 271 ederent,
420 221 563 260 Bacchi
581 222 741 259 vocitare
757 220 924 258 nomine.

115 279 294 316 Parentes
314 278 377 328 (ut
394 276 438 314 fit
455 273 602 323 crebro)
622 274 701 312 fata
718 281 918 325 occupant.

111 331 289 369 Alteram
307 329 418 368 miles
435 341 563 367 secum
581 328 621 366 in
641 327 794 366 Cretam
813 332 991 371 vexerat3

113 384 248 422 Altera
265 383 436 434 geminas
419 382 609 420 <adnatat
625 380 837 431 Cecropias.

116 437 245 483 Hanc,
265 445 310 475 ut
328 435 510 475 Nicobuli
525 434 676 485 inspicit
695 432 972 479 Mnesilochus,

116 490 263 528 Amare
280 489 439 539 occipit:
468 488 538 527 itat
555 488 604 526 ad
622 500 707 526 eam
725 486 971 538 frequentius.

119 544 269 582 Interea
282 544 463 592 juvenem
481 549 587 593 pater
604 540 722 579 mittit
738 540 952 591 Ephesum,

117 596 176 635 Ut
192 596 281 635 inde
297 595 432 634 referat
449 607 602 642 ausum,
622 594 724 645 quod
742 600 919 645 posuerat

119 650 209 701 Ipse
223 648 456 699 jampridem
474 648 578 700 apud
593 647 920 694 Archidemidem,

120 703 299 741 Veterem
319 702 501 750 amicum,
519 714 647 740 senem
666 699 964 739 Phoenicarium.

120 756 163 795 Is
181 768 299 807 quom
316 755 470 794 biennio
488 755 672 793 desideret
689 754 847 804 Ephesi,

121 809 355 849 Bacchidem
372 809 520 856 abiisse,
536 808 677 846 durum
695 808 838 859 accepit
855 805 1048 845 nuntium.

122 863 230 902 Nam
249 870 376 901 nautae
390 862 470 901 noti
487 862 683 912 navigasse
700 861 889 899 nuntiant.

122 916 180 955 Ut
196 916 397 966 fugitivam
417 929 508 954 cura
527 923 564 953 et
582 914 691 953 corde
708 922 904 965 quaereret,

124 969 192 1007 Ad
211 969 415 1008 Philoxeni
434 968 683 1007 Pistoclerum
701 967 839 1014 filium,

126 1022 305 1063 sodalem
324 1022 493 1066 unicum,
514 1022 634 1060 sulcat
652 1021 879 1072 epistolium.

126 1076 238 1115 Dum
259 1076 486 1114 Pistoclerus
505 1075 624 1113 amico
641 1075 812 1126 impartit
829 1086 998 1126 operam,

130 1130 302 1168 Athenas
320 1129 468 1167 dudum
487 1142 572 1180 quae
590 1128 777 1166 redierant
793 1128 969 1178 geminae,

131 1182 435 1234 Conquisitorem
453 1182 493 1219 in
511 1194 679 1220 amorem
698 1182 889 1220 conciunt.

133 1237 270 1274 Altera
290 1235 541 1274 Pistoclerum
560 1235 609 1272 ad
628 1247 708 1273 sese
725 1235 868 1273 allicit:

133 1289 269 1328 Altera
286 1288 451 1326 venienti
468 1288 611 1326 desidet
629 1288 877 1326 Mnesilocho.

137 1342 311 1381 Geminae
329 1343 490 1380 Bacchae
509 1341 603 1379 duos
621 1341 858 1380 bacchanteis
877 1341 1045 1392 pullulos

138 1394 244 1439 Quid
263 1396 405 1433 mirum
425 1395 455 1433 si
473 1394 521 1432 ad
540 1407 619 1433 sese
637 1394 831 1438 traxerint,
851 1394 1058 1441 blandulae,

140 1450 301 1495 Facetae,
321 1448 503 1500 pulchrae,
524 1448 697 1486 incurvos
715 1448 954 1495 libitinarios,

141 1503 386 1540 Veterrumos
405 1515 509 1540 senes
526 1501 680 1539 illorum
693 1501 881 1539 traherent
899 1509 1024 1551 patros
1037 1503 1055 1539 Ρ

139 1556 215 1595 Sed
233 1568 363 1593 eccum
381 1555 645 1602 Pistoclerum,
666 1555 733 1607 qui
750 1554 799 1592 ad
816 1555 1025 1593 Bacchides

143 1609 279 1659 Nuper
295 1609 466 1648 inventas
486 1608 594 1655 redit,
610 1616 647 1646 et
665 1620 792 1646 secum
811 1608 974 1648 insolens

147 1663 276 1700 Novos
294 1663 431 1700 amoris
449 1661 593 1712 dispuit
610 1661 806 1713 igniculos.

145 1715 262 1753 Nunc
278 1715 440 1766 prodeo3
470 1715 610 1755 audite.

1144 58 1218 95 165

1171 430 1222 467 65

1180 698 1230 740 70

1183 965 1234 1010 75

1192 1234 1242 1270 80

1196 1502 1246 1538 85
