1412 2427
228 90 305 126 342
501 90 907 129 CISTELLARIA.
935 89 1009 129 IV.
1035 93 1073 129 2.

231 197 360 286 glum.
378 197 483 286 {stic
501 197 656 248 quidem
677 197 847 250 (edepol)
870 197 946 236 mei
963 197 1033 236 viri
1050 197 1198 237 habitat
1216 208 1344 250 gener.

269 263 343 286 am.
375 251 449 288 i'ae
466 278 476 286 .
495 282 500 286 .
519 279 554 289 ..

432 305 562 343 Pham.
594 305 814 356 Obloquere
832 317 982 343 rursum
993 304 1011 341 ’.Ρ
1025 326 1079 334 -
1094 305 1215 356 Perge
1233 315 1345 356 porro

651 359 786 397 dicere.
1288 357 1341 395 88

233 410 340 458 Quot
360 422 478 449 annos
496 419 586 449 nata
603 411 740 450 dicitur
755 415 773 450 ‚⁹

790 466 890 504 Hal.
920 462 1130 516 Septemfet
1146 463 1292 503 decem.

230 517 360 556 Phan.
390 518 484 557 Mea
498 519 556 557 'st-

516 574 633 612 Lam.
659 572 720 610 Ea
740 570 801 620 ’st,
821 579 865 610 ut
882 583 1064 610 numerus
1082 581 1270 610 annorum
1288 576 1346 608 at-

656 625 758 663 tulit.
1293 624 1347 662 90

232 678 331 716 Hal.
360 677 476 726 Quod
495 681 704 730 quaerebaS,
724 678 912 729 reperisti:
942 680 1024 728 jam
1044 689 1172 729 quaero
1190 687 1330 715 meam.

235 732 355 771 Lam,
383 733 471 781 At(
486 733 572 783 pol)
590 733 649 770 hae
668 745 753 770 suas
771 740 890 770 nactae
910 739 1022 770 sunt:
1043 743 1172 782 quaero
1185 729 1349 768 tertiam.

238 785 370 823 Phan.
402 785 518 829 Quod
537 787 800 837 quaeritabam,
820 785 968 823 filiam
958 784 1084 823 inveni
1102 796 1240 822 meam.

232 840 331 876 Hal.
348 839 551 890 AEquum'
554 846 588 877 st
602 847 740 885 tenere,
760 851 827 889 per
841 838 955 877 fidem
972 837 1076 890 quod
1090 835 1298 876 creditum'
1300 841 1351 884 st,

232 891 295 929 Ne
313 893 409 930 bene
426 892 586 930 merenti
606 892 652 930 sit
670 892 773 930 malo
792 892 1018 942 benignitas.
1295 891 1346 929 95

232 945 375 983 Nostra
393 945 473 983 haec
492 946 649 983 alumna
660 946 708 983 'st
726 952 793 982 tua
810 945 979 996 profecto
998 944 1077 982 filia
1092 957 1102 982 ε

230 997 285 1036 Et
303 998 499 1036 redditura
517 998 608 1036 hera
627 1005 680 1037 est
696 998 766 1036 tibi
785 1006 890 1036 tuam
907 1013 916 1036 :
949 1005 986 1036 et
1004 998 1049 1036 εἰ),
1067 996 1191 1048 gratia

231 1051 362 1089 Domo
379 1051 546 1102 profecta
564 1059 633 1090 est.
689 1051 880 1090 Caeterum
900 1064 947 1090 ex
963 1051 1050 1103 ipsa
1070 1052 1260 1098 (obsecro)

231 1105 500 1156 Exquiritote:
532 1117 601 1156 ego
620 1119 725 1144 serva
743 1117 841 1143 sum.

816 1159 944 1197 Plzan.
973 1157 1150 1209 AEquum
1168 1155 1349 1209 postulas.

235 1213 335 1249 Hal.
366 1212 478 1250 Illius
496 1225 565 1263 ego
583 1212 702 1250 istanc
721 1224 798 1250 esse
816 1211 918 1249 malo
936 1211 1110 1263 gratiam.
1272 1210 1352 1249 100

241 1265 316 1303 Sed
334 1265 453 1304 istanc
471 1265 654 1304 cistellam
673 1273 709 1303 te
728 1267 878 1303 obsecro
896 1273 940 1303 ut
957 1265 1091 1304 reddas
1107 1263 1216 1303 mihi.

238 1320 369 1357 Phan.
396 1319 504 1367 Quid
523 1319 578 1364 fit,
601 1318 842 1370 Lampadio?

593 1373 710 1410 Lam.
739 1371 855 1418 Quod
873 1378 984 1410 tuum
1000 1372 1063 1420 ’st,
1083 1379 1209 1410 teneas
1227 1378 1357 1410 tuum.

237 1426 368 1464 Phan.
396 1425 455 1464 At
470 1438 532 1464 me
550 1426 668 1476 hujus
686 1424 849 1463 miseret.

739 1480 852 1516 Lam.
884 1478 946 1518 Sic
964 1478 1185 1517 faciundum
1205 1489 1355 1518 censeO.

237 1531 303 1570 Da
320 1532 383 1570 isti
401 1533 611 1578 cistellam3
642 1539 679 1571 et
696 1532 796 1570 intro
814 1533 877 1570 abi
894 1545 980 1570 cum
1000 1532 1092 1570 istac
1109 1531 1236 1570 simul.

237 1587 369 1624 Plum.
402 1587 493 1624 Tibi
511 1586 744 1624 auscultabo.
787 1585 894 1624 Tene
913 1592 955 1623 tu
974 1585 1156 1623 cistellam
1172 1585 1254 1624 tibi.
1276 1585 1355 1624 105

238 1639 438 1677 Abeamus
457 1640 569 1678 intro.
625 1639 700 1678 Sed
720 1638 824 1690 quod
842 1651 982 1678 nomen
1002 1646 1057 1677 est
1075 1646 1152 1677 tuae

240 1691 418 1731 Dominae
432 1695 449 1731 ,⁹

292 1747 391 1784 Hal.
425 1746 614 1785 Melaenis.

583 1800 712 1838 Phara.
746 1798 782 1847 Ι,
801 1798 815 1836 i
832 1812 936 1850 prae:
962 1799 1045 1849 jam
1064 1811 1135 1854 ego
1151 1806 1189 1838 te
1206 1810 1352 1851 sequar.
