1412 2427
440 37 781 78 BACCHIDES.
811 39 886 77 IV.
912 40 950 83 7.
1177 40 1256 78 203

140 143 327 182 Pendebit
343 143 456 182 hodie
473 143 657 195 pulchre3
685 144 739 183 ita
756 145 902 183 intendi
920 153 1042 184 tenus.
1204 146 1256 184 23

138 199 238 235 Nic.
267 197 389 235 Mane
406 197 501 235 dum
519 210 749 250 parumper:
775 199 859 249 jam
878 198 928 236 ad
945 206 982 237 te
1002 211 1109 247 exe0‚
1131 198 1256 251 Chry-

299 250 388 289 sale.

139 304 236 342 Chr.
257 305 315 343 Ut
333 306 446 343 verba
461 303 558 342 mihi
576 304 641 343 dat
656 305 667 343 !
689 311 733 343 ut
746 304 872 344 nescio
887 318 1005 356 quam
1019 317 1100 343 rem
1117 314 1223 357 gerat
1240 308 1250 345 2

133 357 268 396 Servos
286 359 437 396 arcessit
454 358 574 405 intus,
594 359 662 410 qui
680 372 743 397 me
761 359 940 397 vinciant.
1202 361 1254 398 26

133 410 242 449 Bene
260 411 366 450 navis
385 412 573 463 agitatur3
603 412 763 463 pulchre
779 412 861 450 haee
880 413 1070 451 confertur
1088 413 1190 452 ratis.

133 465 211 503 Sed
230 465 475 504 conticaeoem
492 480 503 504 ε
534 477 626 503 nam
643 465 758 504 audio
777 466 914 517 aperiri
931 466 1054 505 foreis.

355 626 543 666 ACTUS
572 626 648 665 IV.
702 627 889 666 SCENA
917 627 1021 666 VII.

380 734 668 772 NICOBULL‘S.
699 734 996 774 CHRYsALcs.

127 843 227 881 Nic.
256 840 484 892 Constringe
501 849 545 880 tu
562 841 636 889 iffi,
654 841 835 890 Arcamo,
853 848 1026 881 actutum
1044 855 1197 883 manus.

129 897 228 935 Chr.
257 895 366 943 Quid
385 895 487 933 feci?

434 951 534 986 Nic.
564 948 744 1000 Impinge
761 962 954 1001 pugnum,
974 949 1006 989 si
1022 950 1250 990 muttiverit.

126 1001 239 1050 Quid
256 1002 318 1041 hae
334 1002 546 1054 loquuntur
564 1002 683 1041 literae
699 1005 716 1041 ,⁹

724 1057 821 1095 Chr.
846 1056 956 1104 Quid
974 1069 1037 1095 me
1054 1070 1163 1109 rogas
1175 1057 1194 1095 ’ἓ

130 1110 186 1148 Ut
204 1111 253 1148 ab
272 1109 340 1148 illo
359 1110 499 1160 accepi,
520 1109 569 1147 ad
587 1117 625 1148 te
643 1110 860 1161 obsignatas
879 1110 1003 1148 attuli.

130 1164 230 1201 Nic.
259 1163 349 1202 Eho
367 1172 410 1202 tu
429 1164 438 1201 !
470 1163 728 1215 loquitatusne
746 1177 785 1202 ω
803 1171 919 1215 gnato
937 1176 1024 1202 meo
1041 1165 1142 1203 male
1223 1168 1248 1203 5

130 1216 207 1254 Per
225 1229 452 1263 sermonem,
473 1218 563 1269 quia
582 1218 679 1255 mihi
697 1217 738 1255 id
756 1230 894 1255 aurum
912 1217 1078 1256 reddidit
1095 1220 1112 1256 Ρ

128 1269 183 1307 Et
202 1278 239 1308 te
257 1271 387 1309 dixisti
404 1271 443 1308 id
462 1284 600 1309 aurum
619 1271 838 1309 ablaturum
856 1279 985 1309 tamen

128 1323 205 1362 Per
223 1325 487 1376 sycophantias
498 1325 517 1361 ’ἓ

505 1379 602 1418 Chr.
629 1377 767 1429 Egone
784 1378 884 1417 istuc
901 1377 1014 1416 dixi?

997 1433 1096 1470 Nic.
1121 1432 1197 1471 Ita.

86 1485 94 1494 ¹
128 1484 228 1524 chr.
256 1485 357 1533 Quis
374 1486 492 1525 homo
511 1493 580 1534 est,
600 1486 668 1538 qui
687 1486 787 1524 dicat
803 1498 867 1524 me
886 1485 1027 1524 dixisse
1045 1486 1143 1524 istuc
1156 1486 1175 1523 ’ἓ

1009 1541 1108 1579 Nic.
1128 1540 1244 1579 Tace.

124 1591 271 1631 Nullus
288 1593 406 1632 homo
423 1593 515 1632 dicit
529 1608 541 1631 ι
571 1593 632 1631 hae
650 1593 800 1632 tabellae
817 1603 855 1631 te
871 1602 1052 1644 arguunt,
1195 1594 1246 1633 10

123 1645 234 1693 Quas
252 1653 295 1684 tu
314 1648 499 1687 attulisti:
531 1646 623 1686 hem
639 1647 648 1685 !
679 1647 742 1685 hae
760 1654 798 1685 te
816 1647 950 1686 vinciri
964 1648 1116 1696 jubent.

989 1702 1023 1739 C
1023 1701 1087 1739 Ιιν.
1122 1701 1214 1740 Aha
1229 1702 1240 1739 2

120 1750 458 1803 Bellerophontem
473 1755 556 1803 jam
574 1762 665 1794 tuus
681 1767 745 1792 me
763 1753 851 1793 fecit
869 1754 983 1792 filius.

120 1805 290 1856 Egomet
308 1807 466 1844 tabellas
484 1809 619 1856 detuli,
638 1815 683 1847 ut
700 1808 861 1846 vinciret
876 1811 894 1846 ?
929 1808 1009 1846 sine
1025 1808 1035 1845 !

121 1861 222 1897 Nic.
256 1859 461 1910 Propterea
478 1861 551 1900 hoc
567 1862 679 1910 facio,
698 1870 743 1899 ut
762 1862 920 1901 suadeas
937 1869 1055 1913 gnato
1073 1874 1173 1911 meo,

120 1913 179 1952 Ut
197 1920 448 1964 pergraecetur
464 1922 607 1962 tecum,
621 1915 853 1954 tervenefice.
1193 1916 1241 1953 15

123 1968 220 2006 Chr.
249 1966 288 2006 O
308 1966 436 2014 stulte,
457 1968 596 2006 stulte!
629 1969 748 2008 nescis
765 1981 868 2008 nunc
886 1969 1024 2007 vaenire
1042 1976 1104 2007 te:

118 2021 254 2072 Atque
271 2021 311 2058 in
331 2032 376 2058 eo
394 2020 477 2072 ipso
495 2022 621 2061 adstas
638 2023 779 2074 lapide,
799 2023 868 2061 ubi
885 2036 1009 2075 praeoo
1027 2022 1218 2074 praedicat.

121 2075 221 2113 Nic.
250 2072 478 2126 Roeponde':
514 2076 600 2127 quis
618 2088 681 2115 me
699 2075 859 2114 vendit?

693 2131 789 2168 Chr.
818 2130 950 2177 Quem
968 2128 1038 2167 Dii
1055 2129 1237 2180 diligunt,

118 2181 355 2222 Adolescens
374 2183 548 2229 moritur,
569 2181 664 2222 dum
684 2183 797 2229 valet,
817 2184 944 2229 sentit,
966 2182 1063 2233 sapit
1079 2198 1087 2220 :
