1412 2427
400 33 727 73 CAPTEIVEI.
757 34 806 73 V.
836 36 874 72 2.
1106 34 1184 78 267

337 193 521 233 ACTUS
548 193 601 232 V.
657 193 842 232 SCENA
870 194 930 232 ΙΙ.

369 301 542 339 HEGIo.
595 301 892 339 STALAGMUS.

78 408 186 456 Heg.
202 405 305 457 Age,
319 414 378 454 tu,
395 408 486 446 illuc
500 406 671 459 procede,
687 407 784 445 bone
798 407 868 456 vir,
887 406 1059 459 lepidum
1074 419 1183 445 man-

234 461 390 510 cupium
406 461 562 499 meum!

75 515 172 552 Stat.
203 513 312 562 Quid
329 527 392 553 me
408 521 554 566 oportet
570 514 704 562 facere,
721 513 790 553 ubi
806 520 850 552 tu
868 513 954 552 talis
970 513 1027 552 vir
1044 513 1184 552 falsum

75 619 150 658 Fui
174 575 410 671 egoabgilrirlsis
423 574 588 672 ἷερίᾶιιε,
613 621 736 659 bonus
753 619 811 659 vir
827 632 1042 672 nunquam,
1061 632 1185 672 neque

233 673 338 725 frugi
355 677 478 723 bonae,

73 726 214 778 Neque
240 740 303 765 ero
324 740 529 788 unquam:
560 739 608 765 ne
634 734 677 765 tu
705 739 812 778 spem
840 739 958 780 ponas
985 740 1048 766 me
1073 729 1185 767 bonae

74 835 183 883 Heg.
211 780 496 939 {rfgffium
517 833 585 872 ubi
606 832 679 872 loci
695 833 857 874 fortunae
874 840 951 873 tuae
968 834 1056 884 sint,
1076 834 1186 925 facilg

232 894 311 926 lnte
415 915 426 926 .

73 940 116 979 Si
134 940 204 978 eris
222 953 351 989 verax,
371 941 440 979 tua
458 954 506 979 ex
526 953 564 979 re
581 940 708 989 facies,
725 953 773 979 ex
789 940 893 979 mala
911 941 1186 980 meliusculam.

74 994 195 1032 Recta
224 1001 260 1031 et
278 1007 366 1032 vera
389 995 569 1046 loquerez
599 993 663 1032 sed
691 1006 814 1045 neque
832 1007 917 1034 vere
943 1007 1066 1046 neque
1091 1001 1189 1033 recte

126 1067 129 1070 ·
234 1046 358 1085 adhuc

75 1099 214 1138 Fecisti
231 1112 416 1152 unquam.

351 1155 448 1193 Stal.
480 1153 594 1198 Quod
613 1166 682 1205 ego
700 1153 833 1203 fatear,
854 1154 1010 1193 credi'n’
1028 1153 1185 1206 pudeat,

447 1221 565 1260 quom
583 1215 756 1246 autumes
768 1208 787 1247 ?

76 1261 185 1311 Heg.
203 1259 262 1298 At
280 1273 350 1311 ego
367 1259 504 1299 faciam
522 1268 566 1299 ut
584 1261 749 1312 pudeat:
779 1273 870 1300 nam
897 1261 938 1299 in
955 1263 1132 1300 ruborem
1150 1267 1188 1299 te

234 1322 358 1352 totum
376 1314 486 1353 dabo.

76 1368 174 1406 Stal.
194 1367 268 1406 Eia
283 1368 292 1405 !
325 1368 434 1406 credo
448 1381 528 1419 ego,
547 1367 721 1418 imperito
734 1368 865 1419 plagas
879 1367 1066 1406 minitaris
1078 1367 1186 1405 mihi.

75 1420 254 1459 Tandem
279 1421 351 1459 ista
369 1422 499 1468 aufer3
531 1421 667 1472 dieque
685 1421 778 1472 quid
796 1422 884 1470 fers,
913 1428 957 1459 ut
975 1421 1071 1460 feras
1098 1420 1188 1458 hinc

234 1474 338 1525 quod
354 1475 462 1525 petis.
1138 1474 1183 1510 ll

77 1527 184 1577 Heg.
216 1527 316 1566 Satis
346 1528 574 1567 facundu’s:
616 1528 682 1567 sed
714 1529 798 1578 jam
830 1527 911 1566 fieri
946 1527 1055 1567 dictis
1086 1539 1189 1566 com-

236 1581 421 1632 pendium
440 1582 539 1621 volo.

78 1635 177 1672 Stat.
195 1634 253 1673 Ut
271 1634 341 1684 vis,
363 1634 441 1673 fiat.

345 1690 453 1738 Heg.
479 1689 586 1728 Bene
610 1689 818 1740 morigerus
840 1687 914 1726 fuit
940 1700 1058 1739 puerz
1088 1699 1189 1726 nunc

449 1754 526 1780 non
544 1743 660 1781 decet.

80 1792 168 1831 Hoc
185 1805 354 1844 agamus.
409 1796 503 1834 Jam
525 1797 699 1834 animum
718 1795 885 1844 advorte,
905 1808 948 1833 ac
972 1793 1082 1843 mihi,
1103 1807 1190 1846 quae

240 1847 379 1896 dicam,
398 1849 566 1887 edissere.

79 1899 121 1938 Si
140 1899 210 1937 eris
230 1913 357 1949 verax,
380 1899 476 1949 [tuis
494 1905 604 1941 rebus
622 1902 751 1941 feceris
768 1902 1044 1952 meliusculas.]
1131 1902 1188 1938 -15

80 1955 179 1992 Stal.
209 1953 336 2004 Nugae
354 1954 455 1992 istaec
480 1963 581 1994 sunt.
636 1957 726 1994 Non
754 1968 818 1995 me
835 1968 960 1994 oenses
987 1955 1079 1994 scire
1097 1953 1190 2005 quid

242 2007 379 2058 dignus
397 2008 487 2046 siem
503 2011 520 2047 ‚⁹

80 2062 186 2111 Heg.
215 2061 276 2100 At
307 2073 351 2121 ea
385 2063 647 2113 subterfugere
677 2063 776 2114 potis
807 2073 847 2101 ω
883 2075 1017 2114 pauca,
1049 2061 1081 2098 si
1113 2072 1189 2098 non

187 2148 190 2152 .
239 2125 378 2153 omma.
