1412 2427
495 69 788 110 ASINARIA.
816 69 867 108 V.
894 73 934 108 2.
1164 71 1263 108 -113

142 182 318 218 Demaen.
338 175 510 215 Abscede
533 189 622 227 ergo
639 176 842 227 paululum
860 176 969 214 istuc.

441 232 595 268 Artem.
614 230 751 280 Surge,
770 237 941 267 amator:
972 229 986 266 i
1004 230 1174 268 domum.
1196 232 1246 275 75

136 288 313 327 Demaen·
331 284 359 322 J
362 297 441 331 am,
461 285 625 327 obsecro,
645 295 754 320 uxor.

257 339 412 376 Artem.
425 337 542 375 Nunc
552 348 712 374 uxorem
722 349 785 374 me
796 349 875 374 esse
884 336 1092 374 meministi
1103 344 1208 376 tuam
1224 341 1242 376 ?

131 391 267 440 Modo,
283 404 401 443 quom
416 390 516 429 dicta
532 391 573 428 in
588 403 651 428 me
663 390 874 441 ingerebas,
889 390 1036 438 odium,
1050 402 1128 428 non
1146 405 1243 430 uxor

290 458 405 483 eram.

129 502 308 537 Demoen.
328 499 453 537 Totus
471 498 564 549 perii
579 498 588 535 !

429 553 582 590 Artem.
601 551 710 599 Quid
727 552 882 590 tandem
896 554 914 590 ?
943 551 1072 590 anima
1090 552 1241 591 foetetne

496 605 627 644 uxoris
645 606 748 643 tuae?

127 663 303 699 Demaen.
323 659 530 698 Muri-ham
548 660 637 697 olet.

425 715 579 751 Artem.
597 713 626 751 J
628 725 692 750 am
709 713 924 765 surripuisti
939 713 1099 765 pallam,
1119 726 1238 765 quam

524 774 645 805 scorto
664 766 772 804 dares
787 769 805 805 ἓ

123 822 161 859 A
168 834 279 871 rgyr.
308 821 480 869 Ecastor,
500 820 596 871 quin
620 827 883 871 surrepturum
902 820 1046 872 pallam
1064 821 1237 872 promisit

282 874 365 912 tibi.
1182 876 1234 912 80

123 931 301 967 Demaen.
322 929 414 966 Non
433 935 532 965 taces
544 927 562 964 ’Ξ

307 983 459 1031 Argyr.
478 980 567 1031 Ego
584 980 868 1028 dissuadebam,
886 987 1019 1019 mater.

730 1036 883 1072 Artem.
903 1035 1060 1072 Bellum
1078 1034 1201 1073 filium
1220 1036 1230 1072 !

118 1089 300 1127 Istoscine
317 1096 465 1139 patrem
485 1100 638 1139 aequum
659 1087 707 1124 'st
724 1099 847 1126 mores
864 1088 992 1126 liberis
1009 1088 1204 1139 largirier?

118 1142 236 1180 Nilne
254 1150 291 1180 te
308 1141 428 1191 pudet
438 1141 456 1176 ?

301 1197 480 1232 Demaen.
501 1194 589 1241 Pol,
610 1193 642 1231 si
661 1193 766 1231 aliud
785 1193 841 1231 nil
861 1193 922 1241 sit,
943 1195 1001 1232 tui
1018 1207 1094 1243 me,
1115 1209 1228 1243 uxor,

410 1247 513 1285 udet.

112 1303 265 1340 Artem.
288 1261 532 1351 Cangcapite
544 1308 581 1338 te
595 1301 774 1339 cuculum
789 1313 886 1339 uxor
899 1315 947 1340 ex
960 1302 1089 1340 lustris
1103 1303 1225 1352 rapit!

114 1358 287 1394 Demaen.
320 1355 412 1393 Non
444 1354 532 1392 licet
558 1366 727 1403 manere,
760 1356 883 1405 (coena
911 1354 1103 1407 coquitur)
1132 1356 1227 1394 dum

273 1421 418 1446 coenem
436 1407 552 1446 modo
565 1410 583 1446 Ρ
1173 1411 1225 1447 85

114 1463 267 1500 Artem.
297 1461 470 1509 Ecastor,
495 1461 659 1499 coenabis
683 1460 808 1511 hodie,
841 1470 883 1500 ut
912 1469 950 1501 te
978 1462 1140 1514 dignum
1162 1463 1223 1512 ’st,

271 1528 459 1566 magnum
477 1515 638 1553 malum.

111 1571 288 1607 Demaen.
313 1569 423 1606 Male
447 1569 667 1607 cubandum
688 1568 760 1606 ’stz
786 1569 1003 1619 judicatum
1026 1583 1091 1609 me
1122 1582 1220 1608 uxor

268 1623 422 1661 abducit
440 1622 613 1660 domum.

111 1677 265 1726 Argyr.
293 1676 496 1725 Dicebam,
526 1683 647 1727 pater,
678 1676 761 1724 tibi,
794 1688 842 1715 ne
868 1676 982 1715 matri
1009 1678 1221 1717 consuleres

269 1730 383 1768 male.

110 1785 266 1822 Philen.
284 1783 348 1822 De
365 1783 470 1833 palla
487 1791 693 1830 memento,
713 1785 863 1822 amabo.

398 1838 578 1874 Demaen.
595 1838 624 1875 J
627 1838 755 1875 ube'n’
774 1838 873 1875 hanc
889 1837 978 1876 hinc
994 1837 1190 1877 abscedere
1202 1838 1220 1874 ,⁹

109 1891 265 1928 Philon.
292 1890 421 1928 Immo
448 1890 552 1928 intus
581 1891 731 1942 potius:
773 1904 929 1943 sequere
955 1891 1027 1930 hac
1057 1904 1134 1939 me,
1164 1892 1220 1929 mi

267 1955 407 1982 amme.

376 1999 554 2035 Demaen.
570 1998 658 2049 Ego
677 2010 765 2037 vero
783 2010 929 2050 sequor.
1166 2000 1219 2035 90

109 2053 263 2091 Artem.
283 2049 304 2087 1
323 2051 495 2089 domum.

216 2106 371 2144 Philen.
392 2104 456 2144 Da
473 2105 621 2145 savium
640 2107 753 2146 etiam
772 2105 877 2156 prius
896 2118 1013 2156 quam
1032 2106 1127 2144 abis.

766 2161 944 2198 Demoen.
967 2158 986 2196 Ι
1006 2160 1044 2196 in
1064 2170 1227 2198 crucem.

947 2223 974 2251 L
995 2213 1019 2248 3
