1412 2427
201 59 278 95 306
556 57 780 97 CASINA.
811 59 884 97 IV.
918 60 953 97 l.

203 164 358 202 Ancilla
380 164 557 202 Casinam
580 164 684 203 intus
705 165 844 204 habere
865 167 933 212 ait,
959 165 1029 217 qui
1050 177 1113 203 me
1135 173 1249 217 atque
1262 172 1313 255 ἐξ

361 225 506 256 mwtet.

208 271 336 319 Olym.
368 271 465 309 Scio.
503 271 565 310 Sic
587 272 666 309 sine
695 272 844 311 habere.
883 273 1022 323 Nugas
1051 277 1196 322 agunt:
1227 271 1317 310 novi

363 337 432 374 ego
449 323 533 363 illas
552 325 672 363 malas
690 338 842 364 mercae.

204 376 312 424 Quin
333 384 374 414 tu
394 377 407 414 i
425 378 539 415 modo
553 391 704 416 mecum
723 379 897 417 domum.

399 433 493 468 Stal.
525 432 583 469 At
604 432 706 482 (pol)
725 433 872 470 malum
892 439 1034 471 metuo.
1073 431 1093 469 I
1114 437 1157 469 tu
1175 431 1315 478 modo;

206 483 411 533 Perspicito
429 484 547 533 prius,
569 485 662 535 quid
681 486 783 523 intus
801 493 946 536 agatur.

499 540 628 587 Olym.
661 539 764 576 Tam
783 539 879 576 mihi
896 551 984 576 mea
1002 537 1094 586 vita,
1116 551 1232 589 quam
1252 546 1319 577 tua

209 589 313 636 Tibi,
335 603 420 628 cara
439 598 505 629 est.

365 646 463 682 Stal.
495 645 641 682 Verum
662 645 776 683 modo
795 674 806 682 .
827 674 836 683 .
853 673 862 682 .
882 671 894 683 .

493 700 622 747 Olym.
657 699 698 737 Si
717 707 757 736 tu
774 700 903 748 jubes,
924 699 1083 737 inibitur
1101 706 1240 738 tecum.
1267 701 1319 736 25

467 859 651 897 ACTUS
682 860 757 897 IV.
809 859 995 898 SCENA
1024 859 1058 897 1.

602 966 921 1004 PAnnAmscA.

210 1072 292 1111 Nec
313 1072 414 1124 (pol)
436 1085 505 1124 ego
525 1074 565 1111 N
568 1085 684 1111 emeae
703 1073 826 1122 credo,
847 1087 972 1126 neque
991 1086 1061 1125 ego
1079 1071 1290 1123 Olympiae,

209 1126 348 1177 Neque
366 1139 544 1178 usquam,
562 1126 674 1165 ludos
692 1135 772 1165 tam
790 1128 942 1167 festivos
961 1127 1056 1176 fieri,

209 1179 341 1226 Quam
360 1179 424 1218 hic
441 1180 544 1218 intus
563 1180 661 1218 fiunt
678 1181 759 1218 ludi
778 1181 1028 1220 ludificabiles

208 1233 298 1270 Seni
317 1241 456 1279 nostro,
477 1241 514 1270 et
532 1241 659 1271 nostro
678 1234 905 1285 Olympioni
923 1235 1060 1274 villico.

209 1285 356 1324 Omnes
375 1287 554 1324 festinant
572 1287 676 1324 intus
695 1287 784 1326 totis
802 1288 948 1327 aedibus
963 1303 974 1326 ε
1301 1287 1326 1323 5

209 1338 333 1377 Senex
351 1339 389 1377 in
406 1340 535 1378 culina
554 1341 718 1386 clamat3
746 1341 920 1380 hortatur
937 1354 1042 1380 cocos
1057 1355 1068 1379 ε

209 1392 317 1438 Quin
337 1393 447 1444 agitis
463 1393 576 1431 hodie
593 1396 610 1432 Ρ
640 1394 734 1445 quin
753 1394 865 1442 datis,
885 1396 916 1434 si
935 1395 1028 1447 quid
1045 1395 1172 1434 datis?

211 1445 438 1496 Properate:
470 1459 615 1485 coenam
626 1448 708 1497 jam
728 1461 806 1487 esse
823 1456 968 1487 coctam
986 1449 1164 1500 oportuit.

211 1498 376 1537 Villicus
394 1500 459 1538 hie
477 1508 605 1538 autem
624 1513 713 1539 cum
734 1500 883 1550 corona,
903 1501 1061 1540 candide

210 1552 397 1601 Vestitus,
418 1554 562 1600 lautus,
583 1562 880 1606 exornatusque,
900 1555 1086 1594 ambulat.
1278 1554 1326 1591 10

211 1605 297 1642 111ae
316 1614 443 1644 autem
462 1607 502 1643 in
521 1606 697 1644 cubiculo
714 1609 945 1658 armigerum
964 1617 1113 1657 ornant,

212 1657 342 1704 Quem
362 1659 452 1697 dent
470 1672 539 1711 pro
558 1659 699 1698 Casina
717 1668 883 1712 nuptum
902 1661 1045 1700 nostra.

214 1712 290 1748 Sed
311 1712 477 1750 nimium
495 1713 618 1763 lepide
637 1713 882 1753 dissimulant

215 1764 314 1802 Fore
332 1765 450 1814 hujus
470 1766 573 1816 quod
592 1766 766 1805 futurum
780 1768 840 1806 'st.
876 1769 1007 1820 Digne
1025 1778 1153 1809 autem
1173 1770 1251 1809 coci

212 1817 343 1855 Nimis
362 1818 485 1869 lepide
505 1819 537 1856 ei
556 1820 610 1857 rei
629 1820 720 1858 dant
738 1834 908 1871 operam,
928 1835 976 1862 ne
994 1831 1113 1862 coenet
1130 1836 1258 1863 seneX·

212 1870 339 1908 Aulas
357 1879 600 1922 pervortunt;
636 1873 764 1924 ignem
783 1876 1025 1927 restinguunt
1041 1877 1154 1929 aqua,
1281 1877 1328 1914 16

215 1923 378 1961 IUarum
398 1933 507 1962 oratu
525 1926 670 1964 faciunt
685 1942 694 1964 :
730 1928 806 1966 fflae
824 1937 954 1967 autem
973 1943 1101 1969 senem

215 1976 390 2027 Cupiunt
407 1979 606 2017 extrudere
624 1980 808 2019 incoenem
833 1995 882 2020 ex
904 1983 1061 2032 aedibus,

215 2030 273 2067 Ut
291 2030 381 2081 ipsae
399 2031 488 2069 solae
506 2034 665 2071 ventreis
684 2034 902 2074 distendant
920 2049 1021 2076 suos.

216 2083 321 2121 Novi
340 2097 410 2135 ego
427 2084 513 2124 illas
531 2088 663 2125 ambas
682 2088 853 2127 estrices:
886 2092 1069 2130 corbitam
1088 2091 1162 2131 cibi
1279 2094 1332 2130 20

216 2136 394 2176 Comesse
413 2147 582 2189 possunt.
618 2140 691 2180 Sed
711 2142 878 2192 aperitur
896 2144 1048 2183 ostium.
