1412 2427
211 71 288 108 308
571 55 794 106 cAffl‘NA.
825 66 900 104 lv.
929 68 965 103 4.

210 178 256 215 Io
274 176 414 227 hymen
431 174 626 225 hymenaee
642 175 652 211 !
683 174 720 212 io
738 174 906 226 hymen!
1185 205 1192 213 .

667 229 765 266 Stal.
793 226 904 275 Quid
921 225 1016 277 agis,
1035 237 1121 263 mea
1138 222 1266 263 salus?
1294 225 1320 262 3

215 284 343 332 Olym.
376 281 529 329 Esurio,
548 281 698 325 hercle;
729 288 844 332 atque
862 279 955 318 adeo
972 277 1077 316 haud
1095 277 1191 316 sitio.

639 336 737 373 Stal.
766 336 824 372 At
841 345 912 384 ego
931 344 1032 370 amo.

828 388 957 436 Olym.
989 385 1048 423 At
1066 397 1135 436 ego
1154 384 1322 431 (hercle)

213 443 323 481 Nihil
342 442 438 481 facio
456 442 538 488 tibi,
559 453 679 488 amor,
699 440 827 492 pericli
844 454 854 477 ε
884 439 981 477 mihi
999 439 1180 477 inanitate
1298 440 1322 476 5

213 495 456 535 ,Iamdudum
475 495 653 533 intestina
671 499 928 532 murmurant.

746 548 845 585 Stat.
872 546 978 583 Nam
997 544 1088 596 quid
1112 544 1208 583 inaec
1222 556 1324 583 nunc

214 602 383 640 Tamdiu
425 603 528 640 intus
564 608 787 647 remoratur,
824 599 935 651 quasi
976 600 1025 637 ob
1068 597 1294 637 industriam
1305 597 1325 635 Ρ

371 656 530 703 Quanto
548 668 618 706 ego

215 708 309 747 Plus
326 721 500 760 propero,
520 717 626 746 tanto
643 709 710 746 illa
728 707 866 745 minus.

373 764 502 812 Olym.
530 761 639 810 Quid
657 762 689 799 si
708 761 822 799 etiam
842 766 1032 799 occentem
1049 759 1294 810 hymenaeum
1305 759 1325 796 ἲ

215 816 313 856 Stal.
347 816 515 862 Censeo;
537 823 574 854 et
591 827 661 866 ego
678 822 715 853 te
733 814 914 864 adjutabo
931 813 972 851 in
990 813 1134 864 nuptiis
1151 825 1325 852 commu-

374 869 500 907 nibus.

219 924 346 972 Olym.
375 922 532 972 Hymen
552 920 770 973 hymenaee!
800 921 838 959 io
855 920 1023 971 hymen!

672 976 769 1013 Stal.
800 974 916 1020 Perii,
935 973 1089 1012 hercle!
1122 985 1192 1024 ego
1210 973 1324 1012 miser

800 1026 928 1078 dirupi
1275 1027 1325 1066 lo

216 1080 416 1121 Cantando
434 1083 679 1134 hymenaeum
693 1095 705 1127 ;
734 1081 821 1119 licet
837 1081 905 1119 illo
921 1080 1069 1128 morbo,
1085 1092 1162 1132 quo
1180 1079 1325 1119 dirum-

373 1136 414 1186 pi
431 1136 557 1188 cupio,

215 1189 253 1226 N
257 1201 305 1226 on
326 1196 381 1227 est
396 1190 516 1240 copia.

406 1244 534 1292 Olym.
564 1241 728 1292 Edepol,
749 1254 809 1280 nae
827 1248 883 1290 tu,
904 1241 936 1280 si
954 1253 1050 1280 esses
1068 1253 1202 1293 equus,
1223 1253 1323 1281 essee

578 1296 831 1334 indomabilis.

216 1350 314 1387 Stal.
343 1348 434 1397 Quo
452 1358 676 1401 argumento
693 1352 711 1388 Ρ

724 1404 855 1453 Olym.
886 1402 1016 1441 Nimis
1035 1409 1147 1440 tenax
1167 1414 1220 1441 es.

217 1457 316 1495 Stal.
344 1457 455 1495 Num
474 1469 537 1495 me
555 1464 733 1509 expertus
750 1456 900 1507 uspiam
917 1458 934 1495 ?

774 1511 905 1558 Olym.
934 1508 1003 1547 Dii
1019 1507 1157 1547 melius
1173 1507 1325 1549 faciant.

215 1562 293 1601 Sed
310 1563 457 1614 crepuit
474 1563 640 1609 ostium3
668 1562 793 1600 exitur
810 1563 921 1601 foras.
1278 1564 1327 1601 15

216 1619 315 1655 Stal.
348 1617 418 1656 Dii
437 1617 609 1668 (hercle)
638 1627 701 1653 me
723 1616 883 1667 cupiunt
907 1622 1123 1655 servatum:
1150 1617 1234 1666 jam
1258 1619 1330 1657 ob-

378 1671 474 1709 oluit
491 1669 631 1709 casina
648 1670 794 1720 procul.

466 1830 653 1868 ACTUS
674 1829 750 1868 IV.
805 1828 988 1870 SCENA
1009 1830 1086 1870 IV.

327 1938 553 1976 ANc1LLAE
576 1946 694 1975 DUAE.
732 1936 976 1976 ommno.
1012 1938 1231 1977 STAmno.

215 2047 253 2083 Α
259 2058 318 2084 nc.
339 2045 488 2085 Sensim
506 2057 618 2096 super
637 2043 765 2083 attolle
783 2044 900 2083 limen
917 2043 1044 2096 pedes,
1064 2056 1164 2084 nova
1179 2052 1301 2097 nupta
1316 2061 1328 2085 :

375 2112 415 2137 so

217 2153 296 2192 Iter
324 2111 560 2204 incipsgelioc,
594 2159 636 2190 ut
665 2152 744 2191 viro
775 2160 840 2191 tuo
872 2165 1018 2204 semper
1043 2152 1092 2191 sis
1122 2160 1324 2205 superste5‚

377 2214 491 2257 atque
