1412 2427
478 9 699 48 CASINA.
728 11 788 49 11.
814 12 851 48 G.
1139 13 1216 56 287

113 117 210 154 Stal.
241 115 342 154 Tace
359 127 508 166 parum.

432 169 565 218 Olym.
593 168 701 216 Quid
719 170 776 207 vis
790 173 808 208 Ρ

636 224 737 261 Stal.
763 223 926 272 Eccum,
945 224 1022 262 exit
1040 224 1140 265 foras
1167 227 1218 264 42

113 276 298 316 Chalinus
314 278 417 316 intus
434 287 522 315 cum
542 275 665 314 sitella
683 283 720 314 et
737 276 913 314 sortibus.

114 330 152 368 N
157 342 231 369 unc
246 343 316 371 nos
332 330 477 370 collatis
496 329 614 380 signis
637 329 953 381 depugnabimus.

363 490 549 530 ACTUS
569 490 629 528 ΙΙ.
686 489 870 529 SCENA
889 489 966 529 VI.

115 597 438 636 CLEOSTRATA.
458 597 711 636 CHAmes.
732 597 949 635 STAano.
974 597 1219 637 OLYMPm.

118 704 222 743 Cleo.
250 702 362 751 Face,
394 703 568 752 Chaline,
596 715 658 741 me
687 702 893 752 certiorem,
921 704 1015 756 quid
1035 718 1144 744 meus
1166 706 1223 744 vir

272 769 336 795 me
356 757 460 795 velit.

116 810 213 850 Cha.
241 809 315 848 Ille
335 809 505 862 (edepol)
529 809 655 848 videre
681 809 874 849 ardentem
891 817 929 849 te
947 818 1055 850 extra
1071 820 1221 863 portam

272 863 449 901 Metiam.

116 916 217 956 Cleo.
247 916 385 965 Credo,
409 915 588 965 (ecastor)
607 916 732 954 vellet.

262 971 358 1009 Cha.
386 970 445 1008 At
464 968 566 1021 (pol)
588 981 656 1021 ego
668 969 775 1008 haud
792 970 914 1019 credo,
935 971 1000 1010 sed
1017 980 1116 1011 certo
1134 973 1222 1012 scio.

112 1024 212 1062 Stat.
240 1022 335 1061 Plus
363 1023 551 1062 artificum
570 1026 620 1061 ’st
647 1024 704 1061 mi
732 1036 849 1075 quam
871 1026 1004 1072 rebar-3
1032 1026 1222 1065 hariolum

270 1076 373 1115 hunc
389 1076 510 1115 habeo
529 1076 645 1115 domi.

113 1128 221 1178 Quid
256 1129 288 1168 si
322 1129 478 1181 propius
510 1130 728 1169 attollamus
760 1131 881 1182 signa,
915 1144 1120 1184 eamusque
1156 1135 1223 1172 ob-

272 1183 375 1222 viam
388 1186 406 1222 ?
1195 1190 1220 1224 5

113 1236 293 1288 Sequere.
331 1235 440 1284 Quid
458 1248 523 1274 vos
541 1236 652 1287 agitis
669 1239 686 1275 ἓ

395 1290 491 1329 Cha.
519 1290 684 1337 Assunt,
704 1303 791 1341 quae
808 1291 1054 1343 imperavisti,
1079 1294 1221 1342 omnia,

112 1343 237 1391 Uxor,
258 1349 387 1391 sortoe,
408 1343 534 1391 situla,
555 1351 669 1394 atque
688 1351 848 1394 egomet.

379 1397 480 1435 Stat.
509 1397 568 1435 Te
586 1409 664 1434 uno
677 1397 781 1434 adaet
798 1396 887 1448 plus
906 1411 1020 1448 quam
1042 1412 1111 1450 ego
1125 1401 1222 1439 volo.

116 1450 212 1489 Cha.
255 1449 348 1488 Tibi
375 1449 530 1501 quidem
559 1449 730 1501 (edepol)
759 1450 813 1488 ita
840 1449 1011 1489 videtur:
1047 1453 1224 1492 stimulus

114 1557 176 1596 Eo
192 1505 761 1609 dicmegczffit‘irigiuffgsstiiiilassit]
777 1559 859 1607 jam
878 1570 925 1595 ex
943 1566 1061 1597 metu.

882 1612 980 1650 Stal.
1009 1613 1220 1665 Mastigia!

118 1662 221 1701 Cleo.
249 1662 368 1709 Tace,
388 1663 561 1703 Chaline.
605 1662 826 1714 Comprime
843 1663 974 1702 istum.

347 1717 477 1766 Olym.
507 1718 635 1755 Immo
648 1717 789 1764 istunc,
808 1717 876 1768 qui
893 1717 1024 1756 didicit
1043 1719 1144 1759 dare.
1176 1722 1224 1760 10

114 1769 213 1807 Stat.
242 1768 409 1820 Appone
426 1770 490 1808 hic
508 1770 696 1815 sitellam3
725 1771 854 1809 sorteis
877 1771 969 1811 cedo
991 1772 1111 1811 mihi:
1142 1775 1224 1812 ani-

273 1834 383 1860 mum
400 1823 594 1862 advortite.

112 1875 248 1927 Atque
274 1888 345 1926 ego
372 1877 499 1914 censui
524 1878 592 1916 abs
620 1884 657 1915 te
687 1889 796 1930 posse
822 1877 894 1917 hoc
921 1891 984 1917 me
1011 1879 1224 1932 impetrare,

273 1941 372 1967 uxor
389 1942 488 1976 mae,

116 1981 255 2020 Casina
272 1990 316 2020 ut
333 1995 432 2021 uxor
449 1982 546 2021 mihi
564 1983 715 2022 daretur
728 1998 740 2022 ι
771 1992 808 2024 et
829 1997 932 2024 nunc
950 1986 1064 2025 etiam
1083 1999 1225 2028 censeo.

121 2036 222 2075 Cleo.
257 2035 350 2075 Tibi
368 2035 520 2074 daretur
536 2036 606 2075 illa
618 2039 637 2075 ἓ

286 2090 384 2129 Stat.
414 2089 520 2129 Mihi
538 2090 641 2130 enim
655 2093 674 2130 ἓ
702 2091 777 2131 ah!
807 2104 883 2131 non
902 2091 941 2131 id
959 2093 1063 2132 volui
1081 2093 1224 2134 dicere:
