1412 2427
169 57 242 94 128
461 57 822 97 AULULARIA.
852 58 912 97 ΙΙ.
940 60 976 97 4.

405 213 594 252 ACTUS
624 214 683 251 ΙΙ.
736 213 920 253 SCENA
949 214 1032 253 ΙΙΙ.

470 318 660 357 Eccmo.
715 321 989 359 STAPHYLA.

167 426 265 462 Eue.
295 424 373 462 Ubi
393 432 434 463 tu
454 438 505 473 es,
526 439 612 477 quae
629 425 868 465 deblaterasti
890 427 972 477 jam
994 425 1125 466 vicinis
1149 427 1273 466 omni-

165 530 268 569 Meae
285 479 455 569 mgtiisliae
472 531 651 570 daturum
671 533 798 571 dotem
811 534 830 570 Ρ
859 533 984 582 Heus,
1004 533 1190 586 Staphyla
1205 534 1216 572 !
1238 539 1275 573 te

164 636 317 688 Ecquid
325 597 482 676 vgggi28?
524 640 676 678 vascula
702 640 805 678 intus
832 652 927 690 pure
958 653 1131 692 propera,
1160 647 1275 692 atque

166 744 305 782 Filiam
323 692 505 796 dizlggbndi
520 759 588 796 ego
605 761 615 783 ε
642 745 754 784 hodie
772 755 937 797 nuptum
956 746 1046 785 huic
1065 747 1276 798 Megadoro

165 853 247 889 Sta.
275 798 458 890 Ditiziijezie
476 859 624 890 vortant
641 853 650 890 !
675 853 822 891 Verum
836 851 1016 904 (ecastor)
1033 865 1110 891 non
1128 860 1271 905 potest:

325 905 495 943 subitum
515 906 563 943 ’st
580 906 707 944 nimis.
1251 910 1274 945 5

166 959 263 995 Euc.
293 958 408 1000 Tace,
428 966 541 1010 atque
559 959 645 996 abi:
677 967 807 997 curata
827 959 886 998 fac
910 959 999 1008 sint,
1019 972 1137 1011 quom
1155 973 1178 998 a
1195 959 1275 999 foro

326 1012 476 1050 redeam
496 1011 667 1049 domum.

164 1065 294 1116 Atque
313 1065 466 1103 occlude
485 1065 620 1103 aedeis:
647 1066 729 1114 jam
749 1079 819 1116 ego
837 1065 901 1104 hic
919 1066 1042 1104 adero.

688 1121 774 1157 Sta.
803 1120 912 1167 Quid
927 1133 995 1171 ego
1013 1131 1117 1158 nunc
1129 1132 1243 1171 agam
1258 1122 1271 1159 .⁹

164 1171 282 1209 Nunc
299 1171 407 1209 nobis
432 1185 548 1222 prope
573 1171 679 1210 adest
703 1172 878 1221 exitium,
906 1173 1004 1212 mihi
1027 1180 1143 1225 atque
1167 1173 1274 1213 herili

323 1225 423 1263 filiae.

164 1279 270 1316 Nam
297 1280 479 1330 probrum
505 1287 620 1330 atque
644 1279 837 1331 partitudo
862 1293 979 1333 prope
1000 1280 1119 1330 adest,
1145 1288 1190 1319 ut
1211 1280 1274 1320 fiat

352 1332 469 1380 alam,

163 1386 280 1434 Quod
312 1346 475 1424 dilatum
507 1386 554 1425 ’st
581 1394 697 1438 atque
728 1389 960 1428 occultatum
986 1400 1109 1438 usque
1135 1387 1269 1434 adhue,

323 1452 427 1478 nunc
440 1452 517 1478 non
535 1448 671 1492 potest.
1226 1440 1271 1478 lO

165 1494 236 1531 Ibo
267 1493 380 1539 intro‚
411 1500 469 1539 ut,
502 1494 614 1531 herus
647 1506 734 1544 quae
766 1494 981 1543 imperavit,
1012 1493 1126 1542 facta,
1156 1506 1269 1545 quom

322 1546 462 1593 veniat,
483 1546 589 1584 sient.

164 1600 283 1648 Nam,
303 1600 482 1651 (ecastor)
503 1600 652 1638 malum
678 1612 851 1647 moerore,
871 1605 1017 1648 metuo,
1039 1612 1088 1639 ne
1106 1601 1270 1639 mixtum

322 1654 467 1691 bibam.

402 1810 586 1849 ACTUS
616 1811 676 1848 ΙΙ.
733 1809 918 1849 SCENA
947 1810 1024 1849 IV.

279 1917 556 1957 STROBILUS.
611 1916 1151 1956 ANTHRAX.CONGR10.

161 2025 265 2062 Stro.
287 2023 499 2074 Postquam
510 2022 708 2074 opsonavit
725 2023 853 2074 herus,
870 2032 908 2063 et
925 2024 1108 2064 conduxit
1119 2037 1267 2077 coquos,

162 2076 434 2128 Tibicinasque
451 2077 575 2125 hasce,
595 2078 700 2128 apud
718 2077 1133 2124 forum3edixitm1hi

161 2131 219 2169 Ut
237 2130 472 2182 dispartirem
490 2130 692 2183 opsonium
710 2130 774 2170 hic
792 2131 982 2172 bifariam.
