1412 2427
395 34 781 74 CISTELLARIA
789 60 800 71 .
827 34 877 72 V.
1111 33 1189 70 343

503 194 688 234 ACTUS
717 196 767 233 V.

371 301 619 341 Dmnpno.
648 303 913 341 LAMPADIO.

78 414 196 450 Dem.
225 409 333 458 Quid
350 409 422 447 hoc
440 411 569 460 negoti
588 408 649 456 'st‚
670 409 774 461 quod
791 422 922 448 omnes
949 409 1121 447 homines
1139 407 1195 445 fa-

237 465 418 502 bulantur
437 476 503 514 per
522 462 614 509 vias,

79 518 186 557 Mihi
213 530 291 556 esse
318 517 437 555 filiam
455 517 665 563 inventam,
695 523 732 554 et
751 516 1052 568 Lampadionem
1071 528 1134 553 me
1152 514 1193 551 in

238 571 320 609 foro

82 625 312 675 Quaesivisse
331 623 438 661 aiunt
453 625 470 661 ?

186 680 302 717 Lam.
331 677 452 725 Here,
470 675 572 714 unde
591 676 622 714 is
637 679 654 715 ?

559 732 676 768 Dem.
704 729 768 768 Ex
788 737 933 768 senatu.

876 785 977 822 Lam
1019 783 1193 827 Gaudeo,

79 839 172 879 Tibi
187 837 275 877 mea
293 837 406 890 opera
423 837 629 876 liberorum
649 850 727 876 esse
745 837 911 889 amplius

640 893 755 929 Dem.
787 891 941 929 Etenim
961 903 1036 928 non
1055 891 1192 941 placet.

74 947 188 986 Nihil
205 957 330 983 moror
348 942 469 981 aliena
487 943 584 982 mihi
600 945 714 997 operit
733 944 813 982 fieri
831 944 974 996 plureis
991 945 1141 983 liberos.
1167 946 1191 982 5

78 1001 154 1040 Sed
172 998 266 1052 quid
284 998 381 1036 istuc
400 997 486 1035 est?

207 1054 321 1090 Lam.
353 1051 518 1102 Propera
536 1050 589 1089 ire
607 1050 706 1088 intro
723 1050 799 1089 huc
819 1051 866 1089 ad
884 1051 1036 1089 affinem
1053 1058 1164 1089 tuum
1179 1065 1190 1088 ε

79 1107 221 1147 Filiam
241 1114 349 1143 tuam
363 1105 447 1154 jam
467 1117 676 1156 cognosces·
722 1105 834 1143 Intus
852 1104 993 1143 ibidem
1012 1118 1109 1142 uxor
1127 1113 1194 1143 tua

236 1166 303 1198 est.

75 1214 158 1254 Abi
175 1214 261 1252 cito.

207 1269 324 1305 Dem.
353 1264 538 1303 Praevorti
554 1265 627 1304 hoc
645 1272 789 1304 certum
809 1265 856 1304 ’st
875 1267 986 1304 rebus
1005 1265 1088 1303 aliis
1108 1277 1191 1304 om-

369 1318 496 1358 nibus.

495 1479 783 1519 CATERVA.

78 1589 143 1628 Ne
174 1586 409 1639 exspectetis,
447 1594 684 1639 spectatores,
719 1587 813 1625 dum
848 1587 905 1624 illi
941 1586 1017 1624 huc
1048 1586 1096 1624 ad
1126 1599 1192 1626 vos

79 1695 208 1734 Nemo
228 1648 388 1732 ἒξὶἰῗῗξ·
397 1707 528 1732 omnes
545 1694 649 1732 intus
667 1694 863 1733 conficient
881 1693 1089 1744 negotium.

81 1748 163 1787 Ubi
192 1747 232 1785 id
238 1747 332 1839 lggiit
363 1747 521 1795 factum,
553 1756 774 1786 ornamenta
806 1756 960 1799 ponent.
1016 1747 1193 1786 postidea

82 1854 163 1898 Qui
181 1828 357 1905 deliquit,
377 1854 599 1905 vapulabit3
629 1855 695 1906 qui
713 1866 788 1892 non
806 1854 979 1906 deliquit,
999 1853 1115 1892 bibet.

79 1908 211 1954 Nunc,
224 1907 326 1958 quod
341 1907 388 1944 ad
401 1920 480 1955 vos,
496 1914 731 1959 spectatores,
746 1908 937 1959 reliquum
951 1907 1191 1958 relinquitur,

76 1961 191 2000 More
208 1962 399 2011 majorum
414 1961 500 1999 date
517 1961 696 2012 plausum
714 1962 905 2013 postremi).
922 1962 962 1999 in
981 1962 1175 2000 comoediai,

403 2186 524 2214 TOMI
549 2187 689 2214 PRIMI
711 2186 855 2214 PINIS.
