1412 2427
167 47 218 84 98
479 45 775 86 ASINARIA.
806 45 888 84 111.
920 47 958 83 3.

165 153 303 189 Liban.
335 153 498 191 Noctem
526 160 630 191 tuam
657 161 693 191 et
721 152 800 191 vini
823 152 961 191 cadum
987 151 1116 198 velim,
1143 149 1175 188 si
1200 160 1267 201 op-

325 213 404 243 tata
422 207 526 244 fiant.

166 259 203 296 A
210 272 320 308 rgyr.
348 259 521 297 Verbum
540 272 627 297 cave
644 258 755 306 faxis,
774 261 926 298 verbero
945 258 954 296 !

372 314 514 350 Liban.
543 313 634 350 Tibi
653 312 840 364 equidem,
861 325 936 350 non
956 311 1067 357 mihi,
1086 318 1187 362 opto.
1214 309 1266 346 35

167 370 324 415 Argyr.
354 366 458 403 Tum
479 374 520 403 tu
540 365 655 416 igitur
672 366 824 417 loquere
843 365 944 416 quod
963 365 1081 402 lubet.

589 419 728 457 Liban.
749 419 866 456 Hunc
883 416 1050 468 (hercle)
1066 418 1272 455 verberare.

165 473 282 509 Leon.
329 471 518 519 Quisnam
533 473 629 511 istuc
646 471 814 510 accredat
839 472 921 519 tibi,
950 470 1091 509 cinaede
1117 469 1271 508 calami-

323 533 435 564 strate
449 525 467 562 ’ἓ

166 577 271 615 Tun’
292 580 475 627 verberes,
495 578 562 630 qui
579 591 647 629 pro
666 578 748 617 cibo
766 578 904 617 habeas
922 585 959 616 te
977 576 1163 616 verberari
1175 576 1193 613 ἱ)

163 632 202 669 A
208 644 318 681 rgyr.
348 632 404 670 Ut
422 640 556 671 vostrae
573 632 733 670 fortunae
747 632 840 670 meis
858 631 1088 683 praecedunt,
1109 630 1272 676 Libane,

165 737 247 786 Qui
263 684 589 791 hodlizngdiiquam
609 738 657 776 ad
675 751 874 789 vesperum
892 738 1018 776 vivam
1035 738 1044 774 !

592 793 731 830 Libun.
758 792 1014 842 Quapropter,
1034 792 1191 841 quaeso?
1220 790 1272 827 40

166 845 319 895 Argyr.
349 844 455 892 Quia
473 858 542 896 ego
559 845 657 884 hanc
675 858 775 893 amo,
796 854 833 883 et
849 845 930 883 haec
947 857 1009 882 me
1028 851 1130 882 amat
1146 857 1156 881 ε
1183 842 1272 881 huic

166 952 271 991 Hinc
287 898 1099 1002 ῐῃὲἓοέηῑῖἳιηίἐπιιὶὲξιςὲἓιᾳὶὶ)ιξὶευιιὶῖῗέςῗῗιὴιῗῖυε
1124 956 1256 987 mater.

165 1004 327 1055 Argenti
347 1004 482 1055 viginti
501 1004 616 1042 minae
635 1018 696 1042 me
715 1005 763 1042 ad
782 1011 942 1042 mortem
961 1004 1204 1055 appulerunt,

165 1058 274 1105 Quas
292 1056 403 1095 hodie
422 1058 636 1095 adolescens
655 1057 843 1096 Diabolus
863 1057 933 1108 ipsi
951 1057 1108 1094 daturus
1127 1055 1238 1101 dixit,

164 1112 222 1150 Ut
239 1111 336 1148 hanc
355 1123 402 1148 ne
421 1123 615 1162 quoquam
634 1111 813 1158 mitteret,
840 1110 912 1148 nisi
931 1110 979 1148 ad
1007 1123 1058 1158 se,
1087 1109 1190 1147 hunc
1207 1121 1275 1147 an-

327 1175 421 1201 num
441 1172 577 1201 totum.
1220 1163 1273 1199 45

167 1214 368 1264 Videti’n'‚
397 1217 532 1267 viginti
563 1218 678 1256 minae
709 1217 803 1270 quid
833 1217 990 1270 pollent,
1021 1215 1160 1268 quidve
1187 1227 1274 1266 pos-

327 1277 416 1308 sunt
430 1272 447 1308 ?

169 1323 257 1370 Ille,
279 1323 347 1376 qui
364 1323 448 1362 illas
466 1323 603 1375 perdit,
619 1325 744 1363 salvus
762 1331 840 1363 est:
862 1337 945 1375 ego,
966 1323 1034 1374 qui
1051 1333 1125 1361 non
1145 1320 1277 1373 perdo,

356 1389 450 1415 ereo.

137 1418 141 1423 ⁴
171 1431 310 1467 Liban.
327 1388 432 1467 gam
450 1429 554 1467 dedit
571 1438 771 1482 argentum
789 1433 806 1469 ?

383 1483 538 1532 Argyr.
570 1485 661 1522 Non
681 1483 796 1522 dedit.

503 1536 642 1574 Liban.
671 1538 782 1575 Bono
801 1537 930 1575 animo
947 1549 1009 1583 es;
1039 1547 1087 1574 ne
1104 1531 1278 1573 formida.

172 1591 289 1627 Leon.
318 1587 456 1626 Secede
473 1588 562 1639 huc,
583 1591 754 1628 Libane:
786 1597 824 1628 te
842 1591 939 1627 volo.

705 1644 843 1681 Liban.
871 1644 912 1682 Si
933 1642 1026 1694 quid
1044 1641 1113 1679 vis.

817 1698 972 1746 Argyr.
998 1696 1166 1735 Obsecro
1183 1705 1274 1732 vos:

169 1749 320 1788 Eadem
330 1748 424 1788 istac
437 1749 550 1800 oper&
566 1750 718 1789 suavius
733 1758 788 1788 est
801 1750 1018 1799 complexos
1031 1746 1206 1786 fabulari.
1225 1748 1277 1784 50

171 1804 311 1841 Liban.
347 1804 439 1841 Non
477 1804 605 1842 omnia
636 1804 768 1842 eadem
804 1816 911 1855 aeque
942 1802 1134 1849 omnibus,
1170 1801 1275 1848 here,

331 1869 461 1894 suaVIa
479 1869 558 1895 esse
576 1865 668 1896 sc1t0
683 1871 694 1895 ε

171 1909 294 1948 Vobis
313 1917 368 1947 ωε
385 1923 499 1948 suave
517 1911 732 1948 amantibus
750 1910 966 1961 complexos
983 1907 1146 1947 fabulari
1158 1921 1170 1944 z

171 1963 260 2013 Ego
278 1964 520 2014 complexum
539 1964 657 2013 hujus
674 1964 731 2001 nil
748 1976 886 2001 moror.

497 2018 616 2055 Leon.
635 2017 775 2056 Meum
789 2024 915 2055 autem
930 2017 1012 2054 haec
1025 2014 1282 2065 adspernatur.

173 2069 338 2108 Proinde
373 2069 476 2107 istud
513 2070 626 2108 facias
668 2070 762 2122 ipse,
800 2069 905 2122 quod
940 2069 1137 2113 faciamus,
1174 2065 1283 2104 nobis

333 2122 479 2161 suades.
