1412 2427
435 59 733 101 ASINARIA.
762 63 846 100 III.
874 64 912 100 3.
1171 65 1223 102 99

118 167 270 216 Argyr.
302 168 390 218 Ego
408 180 510 214 vero,
530 176 568 207 et
590 168 743 220 quidem
763 167 936 220 (edepol)
956 169 1107 209 lubens.
1163 169 1234 207 In-

277 227 390 269 terae,
410 222 443 259 si
461 222 622 270 videtur,
1177 224 1229 260 55

119 271 324 312 Concedite
341 274 451 313 istuc.
921 278 927 280 ’

334 328 452 367 Leon.
472 328 580 368 Vi’n'
598 329 734 368 herum
752 328 910 367 deludi?

758 383 898 420 Lz‘ban.
917 382 1105 433 Dignu'st
1124 394 1230 421 sane.

118 435 235 471 Leon.
256 434 365 473 Vi'n'
384 436 521 474 faciam
540 443 585 474 ut
602 449 665 475 me
685 436 922 485 Philenium,
942 443 1126 488 praesente
1143 436 1229 484 hoc,

277 489 517 540 amplexetur
530 492 548 528 ἓ

119 543 257 580 Liban.
280 542 419 594 Cupio,
440 543 576 582 hercle.

384 598 503 635 Leon.
522 598 687 648 Sequere
705 597 789 635 hac.

518 652 674 701 Argyr.
694 651 847 703 Ecquid
866 659 921 690 est
941 650 1102 690 salutis?
1131 650 1230 689 Satis

597 705 727 742 locuti.

119 757 238 794 Leon.
269 754 513 807 Auscultate,
537 766 652 810 atque
671 770 824 810 operam
849 758 949 806 date,
969 766 1006 797 et
1026 770 1114 796 mea
1132 756 1232 796 dicta

277 809 464 850 devorate.

114 862 291 900 Primum
303 865 493 911 omnium,
509 877 633 904 servos
646 873 731 904 tuos
749 878 817 904 nos
831 879 911 904 oese
923 878 1000 904 non
1018 877 1226 916 negamus:

113 916 202 962 Sed,
223 917 255 954 si
273 917 342 956 tibi
361 918 495 969 viginti
513 920 627 957 minae
646 919 792 970 argenti
810 919 1061 971 proferentur,
1178 917 1225 955 61

113 968 205 1016 Quo
222 981 291 1008 nos
310 972 458 1011 vocabis
476 974 657 1011 nornine?

497 1028 656 1076 Argyr.
675 1027 864 1065 Libertos.

771 1080 889 1117 Leon.
910 1080 1003 1118 Non
1021 1086 1198 1130 patronos
1209 1078 1227 1115 ?

118 1128 155 1165 A
163 1141 273 1178 rgyr.
294 1131 343 1168 Id
361 1133 499 1182 potius

306 1186 425 1222 Leon.
446 1185 596 1236 Viginti
615 1187 729 1224 minae
745 1186 810 1224 hic
827 1185 959 1224 insunt
977 1185 1016 1222 in
1036 1184 1229 1223 crumena.

118 1235 203 1274 Has
223 1249 307 1287 ego,
328 1238 359 1275 si
377 1239 449 1288 vis,
468 1239 539 1277 tibi
557 1240 667 1279 dabo.

527 1295 566 1331 A
572 1307 683 1343 rgyr.
703 1292 772 1331 Dii
790 1300 827 1331 te
845 1292 1044 1331 servassint
1062 1305 1226 1342 semper,

112 1342 251 1382 Custos
267 1343 409 1391 herilis,
430 1345 544 1384 decus
561 1347 710 1398 populi,
731 1346 928 1385 thesaurus
946 1346 1155 1397 copiarum,
1176 1346 1228 1384 65

111 1396 222 1434 Salus
239 1397 425 1437 interioris
443 1399 624 1448 hominis,
644 1401 859 1451 amorisque
877 1399 1109 1450 imperator!

111 1449 191 1487 Hic
226 1462 338 1502 pone,
375 1452 441 1491 hic
477 1454 590 1492 istam
627 1454 767 1493 colloca
798 1465 1018 1492 crumenam
1053 1453 1095 1490 in
1131 1453 1228 1492 collo

268 1505 393 1554 plane.

108 1556 226 1595 Leon.
260 1558 364 1597 Nolo
385 1573 454 1611 ego
473 1567 523 1610 te,
551 1561 619 1613 qui
646 1561 759 1600 herus
786 1559 837 1599 sis
864 1559 976 1608 mihi,
1003 1571 1101 1599 onus
1126 1560 1226 1600 istuc

267 1621 463 1652 sustinere.

108 1664 265 1713 Argyr.
293 1666 402 1714 Quin
421 1676 463 1706 tu
490 1667 619 1706 labore
643 1667 780 1707 liberas
798 1675 850 1715 te,
876 1674 992 1720 atque
1009 1667 1123 1706 istam
1150 1668 1225 1706 im-

266 1720 377 1769 ponis
394 1721 435 1758 in
454 1720 546 1759 me?

108 1772 225 1808 Leon.
254 1772 343 1822 Ego
365 1775 572 1823 bajulabo:
603 1782 646 1813 tu
673 1777 737 1826 (ut
757 1775 863 1814 decet
887 1774 1108 1824 dominum)
1135 1783 1223 1812 ante

265 1838 328 1863 me
346 1827 400 1865 ito
418 1828 553 1866 inanis.
1169 1829 1221 1872 70

106 1879 261 1928 Argyr.
289 1880 397 1927 Quid
414 1881 542 1919 nunc?
571 1881 665 1933 quid
684 1882 765 1920 est?
792 1882 886 1933 quin
904 1881 1021 1920 tradis
1044 1881 1120 1920 huc
1138 1894 1224 1920 cru·

266 1946 418 1972 menam
436 1943 647 1985 pressatum
666 1936 832 1974 herum?

105 1987 224 2025 Leon.
255 1986 384 2034 Hanc,
403 1988 496 2039 quoi
513 1988 686 2028 daturu's
702 1989 814 2039 hanc,
833 1991 927 2039 jube
945 1996 1084 2041 petere,
1105 1996 1221 2039 atque

268 2053 378 2078 orare
396 2053 561 2079 mecum.

104 2092 211 2132 Nam
237 2093 335 2132 istuc
364 2095 531 2145 proclive
549 2096 610 2144 'st,
631 2096 734 2148 quod
761 2098 889 2146 jubes,
918 2109 982 2134 me
1010 2095 1124 2147 plane
1142 2094 1219 2134 col-

263 2147 396 2186 locare.
