1412 2427
417 44 760 85 BACCHIDES.
790 45 874 84 ΙΙΙ.
907 46 941 83 1.
1162 44 1233 83 181

129 154 255 192 Senex
273 152 314 191 in
332 151 533 204 Ephesum
551 152 641 189 hinc
658 151 730 189 ibit
749 164 887 190 aurum
905 163 1110 190 arcessere:
1169 151 1244 188 120

129 207 210 245 Hic
227 213 355 244 nostra
373 213 506 256 agetur
524 213 613 243 aetas
631 204 671 242 in
689 205 882 242 malacum
901 204 1059 242 modum
1074 218 1086 249 ς

128 259 171 298 Si
185 258 340 309 quidem
357 259 422 297 hic
440 258 644 309 relinquet,
663 269 732 296 nec
750 269 877 303 secum
898 257 1059 295 abducet
1078 269 1192 295 senex

130 310 228 350 Med
246 319 284 350 et
303 312 601 351 Mnesilochum.
657 310 768 358 Quas
788 323 856 361 ego
875 310 939 348 hic
960 311 1090 348 turbas
1115 310 1213 348 dabo
1232 311 1241 348 !

129 364 205 403 Sed
224 365 318 417 quid
335 366 510 403 futurum
529 363 592 410 ’st‚
612 376 729 415 quom
749 364 821 401 hoc
840 376 955 402 senex
974 363 1192 401 resciverit?

128 417 262 465 Quom
281 432 319 457 se
338 418 593 457 excucurrisse
610 417 703 454 illuc
722 416 861 454 frustra
879 416 1039 464 sciverit,
1170 416 1244 454 125

130 471 290 522 Nosque
309 484 446 509 aurum
464 472 632 509 abusos?
661 469 755 521 quid
774 469 868 507 mihi
887 470 952 508 fiet
970 477 1100 520 postea
1112 471 1130 507 Ρ

131 524 271 569 Credo,
293 523 466 576 (hercle)
487 523 690 562 adveniens
708 535 848 561 nomen
867 523 1031 561 mutabit
1048 522 1160 569 mihi,

131 577 338 629 Facietque
357 577 550 628 extemplo
569 577 810 615 Crucisalum
827 589 890 615 me
910 590 958 615 ex
978 576 1177 627 Chrysalo.

128 630 342 681 Aufugero,
365 634 376 677 (
394 629 540 681 hercle)
561 630 592 669 si
609 629 732 681 magis
748 642 840 668 usus
858 629 1014 668 venerit.

130 684 171 722 Si
190 697 252 722 ero
271 684 533 735 reprehensus,
553 690 678 721 macto
697 695 765 733 ego
782 683 895 721 illum
912 682 1144 721 infortunio:
1169 683 1245 721 130

130 737 174 775 Si
191 737 249 775 illi
268 744 358 775 sunt
376 737 492 788 virgae
510 737 603 784 ruri,
625 745 664 774 at
681 736 778 774 mihi
794 744 946 788 tergum
963 736 1068 774 domi
1087 735 1149 775 'st-

132 789 251 828 Nunc
269 789 358 837 ibo;
387 790 500 829 herili
519 790 598 828 filio
617 789 717 827 hanc
734 789 915 829 fabricam
934 789 1047 837 dabo,

131 843 255 896 Super
273 856 381 893 auro,
400 844 600 895 amicaque
619 844 700 893 ejus
718 841 874 883 inventa
891 842 1094 883 Bacchide.

396 1004 583 1044 ACTUS
605 1004 689 1043 III.
746 1004 930 1044 SCENA
951 1006 986 1043 Ι.

606 1111 778 1150 LYmss.

136 1217 300 1258 Pandite
330 1226 444 1271 atque
471 1218 613 1271 aperite
641 1230 797 1270 propere
823 1219 983 1268 januam
1012 1217 1110 1256 hanc
1139 1217 1245 1267 Orci,

132 1326 240 1365 Nam
269 1274 584 1377 egEffi‘eI-utighaud
618 1325 726 1364 aliter
753 1338 832 1364 esse
860 1325 973 1375 duco,
1002 1325 1144 1378 quippe
1170 1338 1247 1377 quo

293 1391 406 1417 nemo
425 1379 591 1426 advenit,

132 1433 221 1472 Nisi
239 1445 356 1485 quem
383 1445 468 1483 spes
495 1433 681 1483 reliquere
700 1444 845 1479 omnes,
864 1444 942 1470 esse
966 1438 1011 1469 ut
1031 1431 1134 1483 frugi
1161 1443 1250 1483 pos-

132 1493 373 1579 Bacchidselvsetf
399 1552 476 1578 non
497 1537 721 1587 Bacchides,
750 1538 816 1577 sed
840 1538 1003 1578 Bacchae
1030 1546 1121 1576 sunt
1145 1551 1248 1577 acer-

133 1647 273 1698 Apage
291 1606 445 1685 ῗιὲἒεᾶᾏ
473 1659 536 1685 me
567 1657 722 1694 sororeS‚
754 1657 841 1697 quae
867 1645 1070 1684 hominum
1098 1647 1251 1685 sorbent

294 1700 531 1751 sanguinem.
1222 1702 1248 1737 5

134 1751 277 1792 Omnis
304 1753 353 1790 ad
379 1753 583 1804 perniciem
612 1752 795 1791 instructa
822 1752 958 1791 domus
980 1752 1109 1804 opime
1135 1759 1250 1804 atque

132 1859 237 1907 Quae
262 1818 505 1911 usspald’ggiss
533 1872 597 1898 me
619 1858 799 1899 continuo
822 1859 965 1899 contuli
988 1858 1179 1911 protinam
1207 1858 1249 1897 in

132 1966 270 2017 Egone
292 1912 448 2004 Egdgsaec
472 1967 649 2007 conclusa
673 1975 818 2020 gestem
845 1966 1091 2005 clanculum?
1119 1972 1163 2004 ut
1190 1978 1250 2003 ce-

132 2019 618 2125 PiswclelegltEZtI-Qda,
636 2081 703 2114 aut
720 2073 876 2123 damna,
896 2081 963 2113 aut
982 2071 1231 2118 desidiabuh,

188 2136 296 2166 VOL.
316 2137 347 2164 ῐ.
1002 2136 1030 2163 R
