1412 2427
419 25 780 64 AULULARIA.
808 26 867 63 ΙΙ.
897 28 934 63 4.
1153 26 1228 65 129

112 133 240 171 Anth.
265 131 338 169 Me
364 131 536 182 quidem,
563 131 703 179 hercle,
724 131 876 174 (dioem
900 131 1048 183 palam)
1066 144 1143 170 non
1171 131 1229 170 di-

271 184 386 223 vides.

109 237 151 277 Si
168 251 245 288 quo
263 246 306 276 tu
325 246 450 277 totum
468 251 532 276 me
549 238 603 276 ire
621 238 692 285 vis,
713 251 868 290 operam
886 238 996 277 dabo.
1202 242 1226 277 5

112 293 206 331 Con.
232 292 391 330 Bellum
410 301 447 331 et
465 292 650 342 pudicum
669 305 758 330 vero
775 292 1032 343 prostibulum
1051 293 1171 343 popli.

107 344 203 382 Post
221 346 253 383 si
271 346 356 397 quis
374 346 487 384 vellet
504 353 555 392 te,
575 345 680 383 haud
698 357 775 384 non
794 346 910 383 velles
927 345 1074 383 dividi?

109 399 215 435 Stro.
234 399 362 450 Atqui
376 413 446 450 ego
458 401 567 441 istuc,
585 399 780 445 Anthrax,
795 399 1024 437 aliovorsum
1040 399 1225 446 dixeram„

107 451 201 490 Non
219 452 317 491 istuc
335 453 439 504 quod
458 461 500 491 tu
518 452 732 491 insimulas-
775 451 852 491 Sed
869 452 983 490 herus
1001 452 1156 503 nuptias

107 504 226 544 Meus
243 506 357 544 hodie
374 506 498 545 faciet.

574 561 670 600 Con.
698 559 850 609 Quojus
868 558 973 598 ducit
991 559 1112 598 filiam
1125 562 1143 598 Ρ
1175 559 1225 598 10

106 613 212 650 Stro.
242 613 372 651 Vicini
389 614 507 663 hujus
525 613 725 652 Euclionis
744 627 764 652 e
781 625 985 664 proxumo.

103 663 157 702 Ei
174 665 268 704 adeo
286 669 420 717 opsoni
438 668 529 706 hinc
548 667 753 705 dimidium
768 667 882 716 jussit
901 666 998 714 dari,

106 717 253 757 Cocum
272 719 450 768 alterum,
470 722 680 772 itidemque
698 721 856 759 alteram
875 720 1087 758 tibicinam.

109 772 204 810 Con.
233 773 388 825 Nempe
404 775 494 813 huic
513 775 720 812 dimidium
738 774 844 822 dicis,
866 773 1071 811 dimidium
1090 773 1195 812 domi
1208 776 1226 813 ?

106 826 215 865 Stro.
244 827 398 878 Nempe
416 828 514 866 sicut
534 829 637 867 dicis.

457 884 551 921 Con.
581 881 689 930 Quid
705 884 723 920 ?
752 882 818 920 hic
835 893 913 919 non
930 888 1077 932 pote1at
1095 881 1143 920 de
1161 894 1230 920 suo

108 934 234 972 Senex
251 935 428 986 opsonari
445 934 535 974 filiae
551 936 592 973 in
612 935 789 986 nuptiis?
1180 937 1230 973 16

75 1001 77 1003 ’
109 992 217 1029 Stro.
245 988 337 1026 Vah
359 989 369 1026 !

268 1043 363 1081 Con.
393 1042 502 1090 Quid
520 1043 651 1093 negoti
670 1042 719 1080 'st
732 1044 750 1080 Ρ

588 1097 694 1133 Stro.
722 1095 834 1143 Quid
851 1096 982 1146 negoti
1002 1095 1064 1142 sit,
1082 1108 1193 1146 rogas
1208 1098 1226 1134 ‚⁹

106 1151 260 1188 Pumex
278 1161 355 1187 non
374 1161 482 1200 aeque
495 1155 552 1185 est
570 1148 713 1193 aridus,
730 1156 845 1199 atque
858 1149 920 1187 hic
939 1157 994 1187 &st
1014 1161 1141 1187 senex,

110 1205 205 1243 Con.
235 1202 343 1241 Ai'n’
363 1202 518 1240 tandem
537 1202 591 1239 ita
609 1214 687 1240 esse
705 1211 749 1239 ut
768 1202 889 1240 dicis?

762 1258 867 1294 Stro.
900 1255 1004 1293 Tute
1022 1256 1226 1294 existuma.

105 1310 215 1359 Quin
235 1309 381 1347 Divum
397 1316 512 1360 atque
528 1308 733 1347 hominum
748 1310 887 1347 clamat
902 1309 1082 1347 continuo
1096 1309 1227 1355 fidem

105 1366 225 1404 Suam
243 1376 324 1401 rem
342 1363 511 1413 periisse,
528 1375 642 1413 seque
662 1362 897 1409 eradicarier,
1175 1363 1224 1400 21

105 1418 168 1455 De
186 1429 256 1455 suo
274 1416 400 1476 tigillo
416 1416 548 1453 fumus
567 1416 600 1453 si
614 1429 690 1466 qua
709 1416 788 1454 exit
806 1416 919 1454 foras.

104 1471 228 1519 Quin,
248 1483 366 1522 quom
390 1470 420 1507 it
444 1469 670 1518 dormitum,
697 1469 831 1508 follem
858 1469 931 1508 sibi
956 1469 1158 1521 obstringit
1176 1472 1225 1509 ob

363 1536 417 1561 m.

111 1580 206 1618 Con.
240 1524 361 1617 Offiurl}

253 1633 360 1669 Stro.
388 1631 452 1669 Ne
470 1631 564 1682 quid
582 1631 720 1669 animae
738 1631 835 1670 forte
852 1631 1003 1670 amittat
1021 1631 1225 1670 dormiens.

107 1686 202 1724 Con.
231 1684 414 1723 Etiamne
432 1686 584 1723 obturat
600 1684 819 1723 inferiorem
837 1692 1049 1736 gustui-em,
1171 1687 1223 1723 25

106 1739 171 1776 Ne
189 1737 283 1789 quid
300 1738 443 1775 mimai
460 1737 557 1776 forte
572 1738 722 1776 amittat
740 1738 932 1777 dormiens
942 1738 961 1775 ’Ξ

106 1792 212 1830 Stro.
243 1791 340 1828 Haec
356 1790 452 1828 mihi
471 1798 521 1833 te,
542 1798 587 1829 ut
605 1792 676 1830 tibi
698 1804 776 1841 me,
797 1805 954 1844 aequum
973 1799 1028 1830 est
1047 1792 1207 1831 credere.

112 1846 208 1884 Con.
239 1844 371 1882 Immo
388 1844 567 1895 equidem
586 1845 707 1883 credo.

531 1899 636 1937 Sero.
666 1899 720 1936 At
739 1899 804 1937 sci'
806 1900 846 1937 n’
867 1899 982 1938 etiam
1002 1899 1225 1951 quomodo?

107 1950 279 2003 Aquam,
301 1950 460 2002 (hercle)
479 1951 616 2002 plorat,
636 1965 754 2004 quom
772 1953 889 2000 lavat,
910 1952 1151 2004 profundere.

109 2006 206 2044 Con.
234 2004 369 2044 Cense'
372 2003 412 2040 n'
431 2005 620 2043 talentum
637 2018 825 2057 maguum
844 2007 992 2044 exorari
1009 2014 1154 2057 potoese
1172 2006 1226 2043 30

107 2058 172 2097 Ab
187 2057 281 2097 istoc
299 2069 398 2101 sene,
418 2065 463 2095 ut
480 2057 559 2105 det,
581 2060 649 2108 qui
668 2059 808 2098 fiamus
825 2059 967 2098 liberi?
