1412 2427
413 39 766 80 AULULARIA.
797 40 881 78 III.
910 42 948 77 2.
1161 39 1235 78 135

121 151 222 187 Euo.
239 147 372 186 Etiam
389 147 530 237 2⁰5¹?
541 147 560 184 ἲ
588 147 657 184 An
675 147 768 198 quia
781 146 925 194 minus,
945 159 1064 198 quam
1081 159 1236 236 aequuffi

125 256 220 294 Con.
241 208 608 315 Sizrgt'ateffiiercle)
626 266 716 292 cum
734 254 838 292 malo
855 265 997 304 magno
1014 260 1095 301 tuo,
1116 253 1148 292 si
1164 253 1236 291 hoc

281 315 395 357 caput
413 315 539 345 sentlt.

120 363 221 399 Euc.
251 360 337 408 Pol,
358 374 428 411 ego
445 361 550 399 haud
569 361 644 399 scio
663 361 757 412 quid
774 368 862 412 post
879 361 973 409 fiat,
963 375 972 383 ·
1002 368 1115 398 tuum
1133 372 1237 398 nunc

281 423 396 464 caput
415 415 539 453 sentit.

120 468 224 507 Sed
213 481 254 506 m
273 468 418 506 aedibus
436 468 530 519 quid
548 468 618 506 tibi
636 468 730 507 meis
748 480 841 506 nam
860 474 939 506 erat
957 467 1102 528 negoti,

119 521 192 559 Me
210 523 379 570 absente,
399 521 475 560 nisi
495 534 564 572 ego
578 520 795 572 jusseram?
823 522 910 560 volo
928 521 1033 559 scire.

898 577 993 614 Con.
1012 574 1116 612 Tace
1134 586 1236 624 ergo.

124 628 228 673 Quia
246 628 422 667 venimus
441 636 590 667 coctum
609 629 657 667 ad
675 629 840 680 nuptias.

529 685 628 720 Eue.
649 683 757 731 Quid
775 691 833 730 tu,
853 681 1016 743 malum,
1038 694 1160 729 curas,
1185 682 1234 718 15

117 736 263 774 Utrum
291 735 454 813 crudum
487 748 537 774 an
566 744 716 775 coctum
744 736 862 785 edim,
900 735 976 773 nisi
1003 743 1046 773 tu
1074 735 1172 774 mihi
1200 747 1239 773 es

120 844 216 881 Con.
234 796 464 918 Vollldogcire„
491 843 591 881 sinas
610 855 659 881 an
677 856 754 882 non
781 843 882 882 sinas
903 855 971 881 nos
990 855 1149 894 coquere
1167 842 1233 880 hic

116 952 216 988 Eue.
238 909 457 1026 Vgssnaslcniige
486 951 579 989 item
605 964 689 1002 ego,
717 964 814 990 meae
838 950 943 989 domi
969 962 1106 988 meane
1130 949 1236 988 salva

119 1059 216 1097 Con.
235 1003 411 1149 Utfiusanfzildiz²
423 1033 514 1097 'mea
535 1058 632 1096 mihi
659 1058 775 1098 modo
793 1058 979 1105 auferam,
1000 1070 1087 1108 quae
1105 1057 1232 1104 attuli,

117 1164 189 1203 Me
206 1164 311 1203 haud
328 1124 498 1215 gnita,
514 1173 582 1204 tua
600 1178 648 1204 ne
666 1174 857 1218 expetam.

566 1222 668 1257 Eue.
692 1220 800 1258 Scio:
831 1232 880 1257 ne
899 1218 1015 1263 doce;
1045 1216 1146 1255 novi.
1178 1218 1231 1255 20

118 1273 210 1311 Con.
239 1270 349 1319 Quid
374 1279 445 1319 est,
470 1286 549 1324 qua
576 1273 778 1324 prohibeas
807 1285 910 1311 nunc
933 1271 1057 1322 gratia
1079 1283 1148 1309 nos
1170 1282 1231 1309 co-

275 1338 389 1376 quere
407 1325 471 1364 hic
489 1327 662 1364 coenam?

118 1379 225 1424 Quid
253 1379 416 1470 feeeilxlnus2
425 1379 444 1415 ’ἓ
483 1379 577 1430 quid
607 1380 778 1419 diximus
810 1379 881 1417 tibi
912 1379 1081 1430 sequius,
1111 1390 1231 1430 quam

112 1488 216 1525 Euc-
232 1445 538 1546 Eziamesrogitas,
559 1487 713 1526 sceleste
730 1487 861 1535 homo,
882 1487 950 1538 qui
968 1486 1129 1537 angulos
1148 1498 1232 1524 om-

113 1552 455 1632 Μωωωῃθέἀίυω
470 1601 506 1632 et
521 1594 758 1633 conclavium
777 1594 875 1632 mihi
893 1594 1061 1645 perviam
1080 1593 1202 1632 facitis
1213 1593 1232 1630 ’ἓ

112 1647 163 1684 Id
181 1648 249 1685 ubi
267 1646 337 1685 tibi
355 1655 435 1685 erat
452 1648 664 1697 negotium,
685 1648 735 1685 ad
753 1648 880 1686 focum
901 1647 932 1685 si
952 1647 1111 1694 adesses,
1179 1648 1232 1684 25

113 1699 206 1737 Non
223 1699 338 1739 fissile
354 1699 511 1739 haberes
529 1710 666 1751 caput:
697 1701 832 1740 merito
850 1701 890 1739 id
909 1700 979 1739 tibi
997 1700 1143 1738 factum
1162 1708 1230 1738 est.

113 1753 241 1801 Adeo,
273 1761 318 1791 ut
350 1761 392 1814 tu
428 1766 555 1792 mmm
588 1755 816 1794 sententiam
847 1756 931 1805 Jam
963 1755 1047 1804 jam
1079 1766 1232 1792 noscere

114 1860 155 1897 Si
175 1859 223 1897 ad
239 1819 406 1909 jaffigxlisi’
417 1860 493 1898 huc
511 1861 721 1908 accesseris,
743 1861 815 1899 nisi
831 1863 992 1911 jussero,
1011 1862 1183 1913 propius,

112 1913 199 1964 Ego
218 1922 255 1951 te
273 1913 409 1951 faciam
427 1914 673 1954 miser-tumus
691 1915 863 1954 mortalis
882 1915 939 1953 uti
958 1915 1018 1953 sis.

111 1968 194 2006 Scis
219 1969 303 2017 jam
331 1979 459 2004 mmm
489 1969 745 2007 sententiam?
778 1982 856 2020 quo
889 1967 999 2008 abis?
1031 1967 1112 2006 redi
1144 1979 1228 2031 rur-

116 2075 212 2112 Con.
231 2033 375 2113 Ιέιιῐῐῗὲ
393 2076 489 2113 bene
506 2083 608 2114 amet
626 2075 816 2122 Laverna,
836 2084 874 2114 te
889 2078 991 2125 jam,
1011 2074 1084 2112 nisi
1103 2022 1227 2110 rede-fi⁰

113 2126 217 2165 Mihi
236 2141 324 2165 vasa
339 2129 464 2177 jubes,
485 2128 618 2180 pipulo
635 2129 700 2167 hic
718 2129 892 2168 differam
913 2137 1000 2167 ante
1020 2126 1144 2165 aedeis.
