1412 2427
474 275 973 330 PROLOGUS.

507 410 608 447 ΒΑΗ
638 411 942 448 FAMlLlARIS.

170 524 232 562 Nc
251 525 334 576 quis
353 525 510 562 miretur
528 524 595 575 qui
614 524 699 572 sim,
719 524 850 575 paucis
869 525 1037 576 eloquar.

166 576 253 627 Ego
272 579 349 615 Lar
369 591 454 615 sum
474 578 702 625 Familiaris‚
723 591 769 615 ex
788 578 858 615 hac
877 578 1038 622 familia,

165 630 280 668 Unde
299 639 500 669 exeuntem
517 644 580 668 me
597 631 831 682 adspexistis.
876 631 990 669 Hanc
1007 631 1165 670 domum

163 683 191 721 J
195 696 258 720 am
276 685 417 722 multos
435 697 553 722 annos
572 692 626 721 est
645 697 762 734 quom
780 684 964 733 possideo,
985 692 1021 721 et
1041 683 1180 737 [color]

163 737 345 788 Patrique
363 750 509 788 avoque
524 739 606 786 jam
624 738 754 786 hujus,
775 738 842 788 qui
860 749 962 775 nunc
979 737 1043 775 hic
1062 737 1186 776 habet.
1241 741 1266 775 ὃ

163 790 239 827 Sed
257 791 352 827 mihi
370 804 462 829 avus
480 791 595 839 hujus
617 792 812 829 obsecrans
831 791 1057 829 concredidit

164 842 406 881 Thesaurum
426 845 508 881 auri
523 845 620 881 clam
639 844 810 882 omneis:
840 844 879 880 in
897 844 1023 881 medio
1042 844 1123 882 foco

163 895 334 942 Defodit,
355 909 534 935 venerans
549 910 624 944 me,
646 905 689 934 ut
708 897 747 934 id
766 910 950 935 servarem
969 898 1052 935 sibi.

162 949 202 986 Is
225 948 361 1000 [quom
377 951 479 1000 jam]
500 950 673 996 moritur,
694 951 748 988 ita
766 951 876 988 avido
893 950 1045 1000 ingenio
1063 951 1150 999 fuit,

160 1003 375 1053 Nunquam
394 1003 558 1040 indicare
575 1003 614 1040 id
633 1003 712 1041 filio
731 1004 850 1041 voluit
869 1016 937 1041 suo
954 1018 964 1040 :
1219 1005 1265 1040 10

159 1055 398 1106 Inopemque
416 1056 559 1106 optavit
577 1056 702 1106 potius
722 1069 811 1094 eum
830 1056 1050 1107 relinquere,

158 1109 290 1155 Quam
309 1122 398 1146 eum
416 1109 634 1147 thesaurum
653 1118 962 1147 commonstraret
980 1111 1071 1148 filio.

157 1161 257 1212 Agri
276 1162 428 1214 reliquit
446 1163 493 1200 eii
511 1175 587 1200 non
606 1175 791 1213 magnum
810 1163 983 1209 modum,

158 1215 263 1263 Quo,
284 1228 372 1253 cum
391 1217 516 1254 labore
534 1228 689 1266 magno,
710 1224 747 1254 et
765 1216 898 1254 misere
916 1217 1068 1257 viveret.

159 1268 237 1306 Ubi
255 1268 286 1306 is
305 1269 398 1307 obiit
415 1277 591 1315 mortem,
609 1270 677 1320 qui
694 1269 791 1307 mihi
809 1269 849 1306 id
868 1283 1004 1308 aurum
1023 1270 1192 1318 credidit,
1218 1271 1263 1307 15

155 1321 262 1372 Coepi
281 1324 487 1371 observare,
509 1323 618 1373 ecqui
633 1324 816 1372 majorem
835 1323 936 1360 filius

155 1374 260 1412 Mihi
277 1376 457 1414 honorem
477 1377 644 1424 haberet,
666 1389 782 1427 quam
801 1377 882 1424 ejus
895 1376 1089 1414 habuisset
1105 1384 1220 1427 pater.

154 1428 287 1479 Atque
305 1429 369 1467 ille
387 1443 474 1467 vero
492 1430 619 1467 minus
638 1430 841 1480 minusque
858 1429 1052 1480 impendio

151 1481 307 1530 Curare,
328 1483 531 1534 minusque
549 1495 612 1520 me
629 1482 824 1533 impartire
841 1482 1058 1520 honoribus.
1212 1483 1259 1521 19

153 1534 255 1572 Item
273 1548 297 1572 a
313 1547 376 1572 me
393 1543 522 1573 contra
538 1535 684 1572 factum
699 1535 770 1572 ’ste
799 1547 890 1572 nam
907 1535 998 1573 item
1018 1536 1111 1574 obiit
1129 1536 1242 1573 diem.

151 1587 192 1625 Is
211 1600 258 1625 ex
277 1600 316 1626 se
329 1588 432 1626 hunc
445 1588 609 1640 reliquit,
628 1587 696 1640 qui
713 1587 777 1625 hic
794 1600 896 1626 nunc
913 1588 1072 1634 habitat,
1093 1589 1217 1626 filium

153 1640 299 1679 Pariter
316 1648 522 1690 moratum,
542 1648 586 1679 ut
603 1649 710 1692 pater
727 1654 895 1692 avusque
913 1642 1029 1691 hujus
1047 1642 1132 1681 fuit.

151 1693 258 1732 Huic
275 1694 355 1732 filia
373 1707 450 1733 una
468 1702 545 1733 ωτι
577 1708 620 1732 ea
637 1694 734 1732 mihi
751 1694 887 1733 cotidie

148 1747 235 1785 Aut
252 1748 377 1795 thure,
393 1754 460 1785 aut
476 1748 578 1796 vino,
598 1755 665 1786 aut
681 1748 818 1800 aliqui,
837 1761 985 1800 semper
1002 1748 1191 1801 supplicat
1206 1763 1217 1786 z

149 1800 230 1838 Dat
243 1801 341 1838 mihi
358 1814 523 1841 coronas.
567 1802 666 1851 Ejus
683 1801 836 1840 honoris
854 1803 991 1853 gratia,
1207 1804 1258 1840 25

149 1853 253 1902 Feci,
273 1849 494 1893 thesaurum
512 1862 555 1893 ut
572 1855 634 1894 hic
651 1855 829 1907 reperiret
845 1856 999 1905 Euclio,

151 1907 242 1954 Quo
260 1920 345 1946 eam
362 1908 510 1947 facilius
527 1917 707 1961 nuptum,
728 1909 759 1948 si
777 1909 902 1956 vellet,
924 1909 1042 1949 daret.

149 1960 257 1999 Nam
275 1962 494 2012 compressit
512 1975 596 2001 eam
614 1962 662 2000 de
680 1975 831 2001 summo
849 1963 1062 2003 adolescens
1078 1963 1173 2001 loco.

148 2014 190 2052 Is
209 2015 277 2053 scit
295 2015 523 2064 adolescens,
543 2030 630 2068 quae
645 2017 707 2066 sit,
724 2030 841 2068 quam
860 2017 1144 2069 compresserit:

145 2067 222 2106 Illa
239 2068 351 2107 illum
368 2070 499 2119 nescit,
519 2083 642 2122 neque
659 2083 912 2123 compressam
928 2078 1056 2110 autem
1079 2075 1214 2122 paters

140 2121 258 2172 Eam,
278 2135 348 2174 ego
365 2123 477 2164 hodie
491 2124 641 2175 faciam,
663 2132 707 2164 ut
723 2124 787 2165 hic
804 2137 918 2165 senex
929 2124 977 2165 de
990 2135 1179 2177 proxumo
1196 2121 1248 2160 31
