1412 2427
401 33 763 74 AULULARIA.
794 33 869 72 IV.
898 36 934 71 4.
1147 35 1222 73 143

108 142 225 191 Vide,
255 142 385 189 Fides,
418 142 534 180 etiam
565 148 681 192 atque
709 141 825 180 etiam
858 152 975 189 nunc,
1006 140 1151 180 salvam
1180 151 1225 180 ut

267 196 396 234 aulam
416 197 483 234 abs
502 202 538 233 te
556 195 741 232 auferam.
1196 198 1221 240 7

108 248 206 288 Tuae
232 248 321 287 fidei
338 248 551 288 concredidi
569 260 733 286 aurum·
767 248 809 287 in
836 254 904 286 tuo
927 246 1017 286 fano
1041 248 1186 287 modo’
1190 257 1223 288 st

190 326 194 327 ν
267 302 398 341 situm.

107 359 211 395 Stro.
239 355 310 394 Dii
326 354 560 394 immortales
575 355 585 393 !
617 355 721 406 quod
744 366 813 406 ego
831 354 934 394 hunc
952 355 1149 394 hominem
1167 357 1224 395 fa-

267 410 376 449 cinus
394 409 508 448 audio
525 409 660 460 loqui?

108 463 157 502 Se
175 464 312 525 aulam·
319 471 496 502 onustam
510 463 592 501 auri
610 462 831 502 abstrusisse
847 463 913 501 hic
925 463 1029 502 intus
1047 463 1088 501 in
1105 463 1220 502 fano!

107 569 214 610 Cave
227 517 500 618 tuFifiiiessi’deliQ
520 583 661 622 quaeso,
681 571 809 623 potius
826 570 957 617 fueris,
977 583 1094 622 quam
1113 518 1223 608 millg

108 625 244 676 Atque
270 624 332 663 hic
364 634 471 676 pater
499 633 555 662 ωε
583 626 647 674 (ut
674 637 743 677 ego
764 624 918 677 opinor)
946 624 1077 674 hujus,
1108 625 1222 663 herus

270 690 379 716 meus
397 690 515 730 quam
535 686 649 716 amat.

109 731 182 771 Ibo
213 731 303 769 hinc
331 732 430 793 iutro
445 746 455 769 z
497 732 757 783 perscrutabor
785 732 937 780 fanum,
968 731 1000 770 si
1030 731 1223 770 inveniam

108 798 490 900 Aurum'usffiffhic
508 846 564 878 aet
581 845 808 890 occupatus:
840 839 906 878 sed
933 838 965 878 si
991 851 1175 891 reperero,
1199 852 1221 878 ο

110 946 233 985 Mulsi
249 893 462 997 οξῐξὲῗιίεω
479 947 633 998 plenam
652 945 788 985 faciam
805 946 876 985 tibi
893 946 1072 985 fideliam.
1175 947 1223 985 15

112 1001 163 1039 Id
181 1000 520 1093 adeofgfflofo'aciam
537 1015 547 1038 :
578 1013 711 1039 verum
730 1014 800 1052 ego
817 1001 915 1039 mihi
932 1000 1078 1048 bibam,
1098 1001 1165 1040 ubi
1184 1001 1224 1038 id

359 1214 546 1254 ACTUS
566 1214 642 1254 1v.
698 1214 884 1254 SCENA
906 1215 990 1253 ΙΙΙ.

579 1322 772 1360 Eueno.

115 1431 208 1470 Non
235 1436 376 1468 temere
395 1428 456 1476 ’,st
480 1427 585 1481 quod
611 1441 746 1467 corvus
773 1435 900 1468 mutat
925 1429 1024 1467 mihi
1046 1440 1148 1467 nunc
1179 1429 1227 1466 ab

271 1483 369 1522 laeva
385 1495 517 1521 manu.

113 1537 243 1576 Semel
263 1537 418 1576 radebat
436 1537 598 1587 pedibus
615 1543 771 1584 terram,
791 1543 827 1574 et
846 1548 936 1574 voce
955 1537 1116 1575 crocibat
1135 1550 1225 1575 sua:

113 1591 306 1630 Continuo
324 1604 456 1630 meum
474 1603 537 1630 cor
555 1590 666 1642 coepit
683 1596 803 1628 artem
822 1589 942 1628 facere
959 1590 1159 1637 ludicram,

114 1645 277 1696 Atque
266 1657 306 1682 m
324 1651 457 1696 peetus
475 1643 647 1683 emicare.
702 1643 777 1682 Sed
795 1656 865 1695 ego
883 1656 985 1683 cesso
1002 1644 1175 1682 currere?

365 1805 552 1845 ACTUS
573 1804 649 1843 IV.
704 1803 889 1843 SCENA
911 1804 988 1842 IV.

424 1911 617 1951 Eucmo.
654 1912 929 1951 STnommJS.

120 2023 221 2060 Eue.
241 2020 263 2059 1
278 2019 391 2067 foras,
412 2019 611 2068 lumbrice‚
630 2019 697 2071 qui
716 2020 787 2058 sub
807 2018 904 2057 ten-5
918 2019 1087 2070 erepsisti
1105 2018 1232 2061 modo,

118 2075 202 2123 Qui
219 2073 334 2113 modo
352 2085 544 2134 nusquqm
560 2074 828 2125 comparebas:
858 2085 975 2121 nunc,
995 2085 1113 2123 quom
1132 2084 1234 2110 com-

280 2139 402 2179 pares,
423 2139 533 2177 pens.
