1412 2427
169 57 215 93 18
469 54 838 95 AMPHITRUO.
873 55 906 93 Ι.
943 56 976 92 l.

167 162 381 213 Eloquere:
410 161 503 211 quid
522 162 687 200 venisti?

327 216 408 252 803.
439 214 494 252 Ut
512 223 622 263 esset,
642 227 756 267 quem
774 223 818 253 tu
837 215 976 265 pugnis
995 215 1164 254 caederes.
1194 215 1267 252 221

168 270 298 308 Merc.
331 267 483 316 Quojus
503 268 568 305 es?

353 322 436 358 803.
462 321 773 373 Amphitruonis.
792 321 965 372 inquam,
986 320 1106 359 Sosia.

751 376 881 412 Mero.
902 373 1006 424 Ergo
1024 374 1118 412 istoc
1136 374 1272 424 magis,

173 427 277 471 Quia
287 426 525 478 vaniloquus,
543 427 765 479 vapulabis:
788 440 856 477 ego
875 439 975 473 sum,
991 439 1067 464 non
1082 435 1138 474 tu,
1156 427 1275 465 Sosia.

171 483 254 520 Sos.
285 481 347 519 Ita
366 481 434 518 Dii
453 481 603 528 faciant,
634 488 678 518 ut
702 489 744 518 tu
771 481 896 531 potius
924 480 986 527 sis,
1015 487 1128 530 atque
1147 493 1215 531 ego
1240 487 1276 517 te

328 545 371 570 ut
390 535 593 571 verberem.

172 588 301 624 ssIcrc.
332 587 462 624 Etiam
482 587 646 625 muttis?

412 642 493 678 Sos.
524 641 553 678 J
556 652 618 677 am
638 642 779 679 tacebo.

478 695 607 732 Mero.
640 693 736 737 Quis
755 693 824 731 tibi
842 693 1018 731 heru'st?

756 748 838 784 803.
858 746 984 789 Quem
1003 754 1045 784 tu
1065 746 1179 785 voles.
1198 749 1276 786 225

175 802 303 838 Merc-
333 798 437 843 Quid
457 798 603 849 igitur?
633 799 701 850 qui
719 812 820 837 nunc
838 812 968 838 vocare
981 802 999 838 Ρ

617 855 700 890 803.
728 853 869 899 Nemo,
890 853 962 890 nisi
981 866 1096 904 quem
1111 854 1278 904 jusseris.

175 909 303 945 Alere.
333 905 625 956 Amphitruonis
644 906 706 944 ted
724 918 802 944 esse
820 906 923 944 aibas
941 906 1102 945 Sosiam.

890 961 974 997 803.
1005 960 1278 999 peccaveram:

174 1014 280 1051 Nam
295 1012 591 1063 Amphitruonis
607 1013 749 1051 socium
764 1025 823 1050 nae
837 1012 925 1050 med
939 1025 1017 1051 esse
1031 1013 1135 1050 volui
1148 1013 1280 1052 dicere.

176 1068 305 1104 Merc.
334 1066 486 1104 Scibam
505 1066 678 1114 equidem
697 1066 850 1104 nullum
869 1078 948 1104 esse
968 1066 1091 1114 nobis,
1110 1066 1184 1105 nisi
1201 1079 1278 1117 me,

333 1131 482 1156 servum
502 1118 661 1157 Sosiam.

175 1171 292 1223 Fugit
311 1179 347 1210 te
365 1172 472 1209 ratio.

394 1227 476 1263 803.
492 1225 651 1263 Utinam
670 1225 767 1264 istuc
785 1227 905 1278 pugni
922 1226 1094 1265 fecissent
1111 1227 1180 1265 tui.
1203 1228 1281 1267 230

174 1280 302 1316 Γνίενε.
330 1279 415 1329 Ego
434 1291 521 1316 sum
541 1278 649 1317 Sosia
666 1279 745 1327 ine,
767 1293 882 1330 quem
901 1287 938 1318 te
953 1280 1184 1330 jamdudum
1203 1293 1282 1320 aese

335 1333 440 1369 aibas
459 1331 568 1368 mihi.

177 1386 260 1422 803.
290 1384 472 1431 Obsecro,
510 1397 577 1434 per
607 1397 738 1434 pacem
771 1385 879 1424 liceat
909 1395 945 1425 te
974 1386 1131 1437 alioqui,
1160 1393 1205 1425 ut
1233 1399 1281 1426 ne

337 1437 524 1487 vapulem.

177 1493 304 1527 silere.
320 1491 447 1527 Immo
458 1489 618 1526 induciae
630 1503 832 1541 parumper
839 1490 946 1538 fiant,
957 1492 988 1529 si
999 1491 1091 1542 quid
1100 1492 1153 1530 vis
1164 1493 1284 1545 loqui.

177 1546 254 1581 Sos.
285 1544 375 1581 Non
390 1543 525 1593 loquar
542 1542 614 1580 nisi
632 1556 724 1593 pace
737 1543 849 1591 facta,
871 1545 1023 1595 quando
1041 1546 1179 1596 pugnis
1197 1547 1285 1597 plus

337 1595 449 1634 vales.

180 1651 309 1687 Alere.
337 1649 478 1696 Dicito,
500 1649 530 1687 si
549 1649 641 1700 quid
660 1649 739 1687 vis:
772 1662 847 1687 non
866 1652 1017 1688 nocebo.

629 1704 712 1741 803.
743 1703 841 1741 Tuae
859 1703 947 1741 fidei
964 1704 1072 1743 credo
1087 1707 1104 1744 Ρ

906 1758 1036 1796 Μενε.
1069 1759 1186 1798 Meae.
1207 1762 1286 1800 235

182 1811 265 1847 803.
297 1809 418 1856 Quid,
439 1809 471 1846 si
487 1809 622 1847 falles?

417 1864 547 1900 More.
578 1863 685 1900 Tum
704 1862 920 1901 Mercurius
938 1864 1053 1902 Sosiae
1069 1865 1187 1905 iratus
1205 1867 1286 1906 siet.

183 1917 265 1954 803.
294 1914 482 1953 Animum
501 1915 675 1954 advorte:
707 1929 809 1954 nunc
825 1917 912 1955 licet
929 1917 1024 1955 mihi
1042 1917 1158 1958 libere
1176 1922 1287 1972 quid-

340 1969 395 2006 vis
413 1969 532 2019 loqui.

181 2022 476 2074 Amphitruonis
494 2035 563 2073 ego
582 2035 666 2060 sum
687 2036 813 2062 servus
832 2024 949 2063 Sosia·

821 2079 954 2115 Mero.
978 2077 1108 2118 Etiam
1128 2079 1254 2120 denuo
1269 2085 1287 2122 ?

181 2131 265 2168 803.
296 2130 434 2168 Pacem
454 2129 547 2177 feci3
579 2130 696 2169 foedus
716 2130 811 2177 feci3
842 2144 929 2170 vera
947 2130 1041 2170 dico.
