1412 2427
170 72 247 116 170
486 72 825 112 BACCHIDES.
852 73 887 111 1.
922 74 954 110 l.

167 179 272 216 Pist.
299 177 406 226 Quid
421 181 438 216 ?
467 179 498 216 si
522 178 624 229 apud
649 186 686 217 te
711 178 838 216 veniat
860 177 1033 216 desubito
1056 175 1274 227 prandium,

325 239 392 268 aut
409 232 555 282 potatio
1222 231 1274 266 45

168 284 294 331 Forte,
316 292 381 322 aut
399 297 515 332 coena,
536 293 580 323 ut
597 285 688 323 solet
705 285 745 322 in
764 285 844 322 istis
862 284 942 322 fieri
960 282 1231 329 conciliabulis,

173 337 253 375 Ubi
271 350 340 388 ego
358 345 441 375 tum
460 339 637 376 accubem
652 341 670 376 ‚⁹

340 393 436 428 Bac.
470 391 588 441 Apud
606 404 682 436 me,
701 391 755 428 mi
773 391 903 429 anime
919 405 928 428 :
960 398 1003 428 ut
1020 388 1170 439 lepidus
1188 400 1276 427 cum

456 443 580 495 lepida
596 446 760 482 accubet.

169 496 296 535 Locus
313 497 377 535 hic
395 497 496 548 apud
515 509 597 545 nos,
622 497 798 548 quamvis
822 497 945 535 subito
971 496 1110 542 venias,
1131 506 1277 544 semper

327 550 422 588 liber
441 558 508 588 est.

171 600 251 638 Ubi
270 608 311 639 tu
329 603 454 654 lepide
472 604 572 642 voles
585 616 664 642 esse
682 603 765 649 tibi,
787 615 872 640 mea
889 614 985 648 rosa,
1004 600 1101 639 mihi
1119 600 1256 639 dicito:

174 652 290 702 Dato,
310 657 379 706 qui
397 658 493 694 bene
511 657 582 695 sit:
613 670 697 708 ego,
716 655 784 694 ubi
802 657 896 694 bene
915 655 962 693 sit
980 654 1063 702 tibi,
1078 654 1205 692 locum
1223 653 1277 691 le-

331 708 466 759 pidum
485 709 595 748 dabo.
1225 709 1278 745 50

175 760 279 799 Pist.
295 761 469 822 Rapidus
487 762 625 801 fluvius
643 770 698 801 est
714 762 801 807 hic;
822 773 898 800 non
916 761 987 799 hac
1000 768 1139 799 temere
1158 766 1281 798 trans-

331 815 377 852 lri
425 822 532 854 otest.

174 867 273 905 Bac.
311 828 442 919 Atqtlie
471 867 651 919 (eoestor)
679 868 781 920 apud
810 869 912 906 hunc
946 867 1107 906 fluvium
1136 866 1281 918 aliquid

332 921 573 971 perdundum
589 923 637 960 ’st
655 923 736 960 tibi.

172 970 342 1011 Manum
361 973 424 1022 da,
445 982 481 1012 et
499 987 665 1026 sequere.

333 1028 438 1065 Pist.
468 1027 555 1065 Aha
570 1029 579 1065 Ξ
610 1028 782 1067 minume
797 1029 807 1065 !

546 1083 644 1118 Bac.
672 1081 779 1128 Quid
797 1082 850 1118 ita
864 1081 881 1116 ⁴?

663 1137 770 1172 Pist.
797 1134 901 1182 Quia
918 1134 1011 1172 istoc
1028 1132 1280 1171 illecebrosius

175 1184 277 1222 Fieri
294 1185 349 1223 nil
371 1193 506 1238 potest,
527 1187 634 1236 Nox,
661 1188 819 1232 Mulier,
840 1187 1004 1234 Vinum,
1027 1186 1172 1224 homini
1191 1186 1281 1224 ado-

333 1239 551 1279 lescentulo.

176 1293 272 1329 Bac.
314 1294 397 1343 Age
426 1293 554 1344 igitur.
593 1294 787 1346 Equidem
808 1293 910 1346 (pol)
937 1293 1048 1331 nihili
1069 1292 1180 1341 facio,
1209 1292 1283 1330 nisi

334 1347 448 1384 causa
466 1347 546 1384 tua.
1228 1347 1279 1381 55

174 1397 249 1436 Ille
267 1398 421 1449 quidem
438 1399 537 1438 hanc
555 1400 739 1440 abducet:
776 1408 817 1438 tu
834 1401 963 1438 nullus
980 1399 1147 1447 affueris,
1163 1399 1282 1436 sinon

333 1453 453 1491 lubet.

176 1505 281 1543 Pist.
319 1506 465 1544 Sumne
495 1513 623 1544 autem
655 1507 780 1555 nihili,
814 1507 882 1558 qui
915 1517 1101 1557 nequeam
1131 1503 1283 1554 ingenio

339 1559 524 1597 moderari
543 1572 628 1597 meo
638 1559 657 1595 ¹?

176 1612 273 1650 Bac.
300 1611 409 1659 Quid
428 1619 482 1650 est
504 1612 607 1662 quod
627 1619 774 1650 metuas
789 1615 807 1650 ,⁹

521 1667 627 1703 Pist.
656 1665 767 1703 Nihil
784 1672 852 1703 est.
893 1664 1011 1704 Nunc
1029 1677 1113 1715 ego,
1132 1663 1283 1712 mulier,

620 1719 691 1757 tibi
708 1732 771 1757 me
789 1731 1023 1770 emancupo:

181 1769 292 1809 Tuus
311 1784 422 1817 sum3
452 1771 522 1810 tibi
540 1771 636 1810 dedo
654 1785 823 1823 operam.

550 1827 646 1863 Bac.
675 1825 858 1875 Lepidus.
887 1826 1005 1864 Nunc
1023 1838 1093 1877 ego
1110 1831 1149 1864 te
1165 1824 1286 1863 faeere

657 1878 728 1917 hoc
746 1879 845 1918 volo.

177 1930 264 1981 Ego
281 1930 396 1969 sorori
413 1943 508 1969 meae
525 1943 671 1970 coenam
688 1931 801 1970 hodie
823 1932 911 1970 dare
927 1931 1013 1970 volo
1030 1931 1228 1969 viaticam:

178 1984 265 2034 Ego
283 1984 354 2023 tibi
371 1993 570 2035 argentum
585 1986 702 2034 jubeo
717 1986 799 2034 jam
816 1985 920 2023 intus
937 1983 1198 2022 efferri-foras:
1229 1983 1276 2020 61

181 2037 246 2075 Tu
264 2037 376 2076 facito
394 2046 619 2089 opsonatum
637 2038 747 2076 nobis
765 2038 815 2077 sit
828 2038 1053 2090 opulentum
1071 2036 1288 2088 opsonium.

182 2092 288 2129 Pist.
313 2091 400 2142 Ego
422 2093 624 2142 opsonabo.
668 2092 775 2132 Nam
799 2092 839 2131 id
860 2090 1047 2143 flagitium
1070 2091 1118 2130 sit
1139 2101 1285 2135 meum,

341 2144 428 2183 med
447 2153 483 2183 te
501 2144 620 2196 gratia
