1412 2427
369 177 852 232 PROLOGUS

493 290 720 328 anonymus.

56 384 207 423 Salvere
221 385 336 434 jubeo
354 393 577 437 spectatores
595 393 787 437 optumos,

57 438 193 476 Fidem
211 439 278 489 qui
293 439 414 477 facitis
431 439 630 484 maxumi3
660 446 696 476 et
714 452 779 477 vos
797 437 924 476 Fides.

55 491 97 529 Si
116 504 247 530 verum
265 492 358 532 dixi
378 493 530 543 signum
549 492 694 530 clarum
714 491 800 530 date
817 491 928 537 mihi,

55 544 111 581 Ut
131 557 194 583 vos
212 545 308 583 mihi
326 559 403 584 esse
422 558 548 596 aequos
563 546 645 594 jam
664 545 752 583 inde
770 558 793 582 a
809 543 997 595 principio
1015 541 1143 581 sciam.

53 596 135 643 Qui
153 605 313 636 utuntur
326 599 414 637 vino
430 606 565 642 vetere,
586 598 783 649 sapienteis
800 606 908 650 puto,
1136 597 1163 632 5

52 649 107 687 Et
125 651 192 701 qui
209 652 369 690 libenter
386 659 527 690 veteres
546 659 716 703 spectant
733 651 894 690 fabulas.

53 703 229 755 Antiqua
247 718 360 755 opera
378 713 416 743 et
432 707 546 743 verba
565 718 682 756 quom
701 705 807 743 vobis
824 705 989 756 placent,

51 756 228 808 AEquum
248 758 394 808 plaeere
414 758 461 796 ’st
479 765 566 797 ante
584 765 725 796 veteres
743 758 902 796 fabulas.

52 809 173 858 Nam,
193 823 296 849 nunc
313 823 421 850 novae
439 825 525 862 quae
542 811 730 862 prodeunt
748 811 951 858 comoediae,

51 861 185 901 Multo
203 872 292 902 sunt
309 864 521 916 nequiores,
542 877 659 916 quam
678 864 830 902 nummi
847 864 950 902 novi.
1114 862 1164 899 10

49 915 135 954 Nos
153 925 355 969 postquam
372 917 507 969 populi
523 929 716 955 rumorem
733 917 1006 962 intelleximus,

51 969 227 1009 Studiose
245 978 417 1022 expetere
435 983 500 1008 vos
520 970 720 1008 Plautinas
737 970 914 1015 fabulas;

49 1022 267 1074 Antiquam
286 1025 367 1073 ejus
385 1023 533 1062 edimus
551 1023 788 1071 comoediam,

48 1075 180 1122 Quam
199 1090 265 1115 vos
283 1077 483 1128 probastis,
503 1077 571 1129 qui
589 1076 678 1115 oetis
694 1077 736 1114 in
755 1076 990 1115 senioribus:

50 1128 173 1175 Nam,
189 1131 386 1179 juniorum
405 1130 474 1182 qui
491 1141 592 1174 sunt,
612 1142 689 1168 non
708 1132 863 1177 norunt,
883 1130 985 1168 scio:
1114 1129 1162 1167 15

49 1181 212 1231 Verum,
233 1190 277 1221 ut
295 1191 533 1234 cognoscant,
552 1183 728 1222 dabimus
746 1196 900 1235 operam
919 1183 1065 1221 sedulo.

51 1234 148 1273 Haec
167 1249 283 1287 quom
301 1238 470 1288 primum
488 1245 571 1275 acta
590 1238 650 1285 ’st‚
670 1237 760 1275 vicit
777 1236 921 1275 omneis
937 1236 1100 1275 fabulas.

50 1287 113 1326 Εὲ
131 1296 353 1341 tempestate
370 1291 438 1329 flos
456 1291 654 1341 poetarum
673 1290 761 1339 fuit,

49 1340 132 1388 Qui
149 1354 252 1381 nunc
269 1344 444 1382 abierunt
462 1344 550 1382 hine
568 1344 608 1381 in
628 1356 871 1382 communem
888 1344 1030 1382 locum.

49 1395 125 1433 Sed
143 1397 313 1435 absentes
330 1404 459 1435 tamen
477 1405 637 1449 prosunt
653 1397 915 1448 praesentibus.
1113 1398 1165 1435 20

49 1447 130 1487 Vos
148 1450 293 1488 omneis
311 1463 423 1502 opere
441 1463 582 1502 magno
601 1463 680 1489 ωδε
698 1458 822 1488 oratos
837 1450 936 1494 volo,

50 1501 223 1553 Benigne
241 1511 285 1541 ut
300 1517 454 1554 operam
473 1504 568 1543 detis
586 1504 635 1542 ad
653 1512 824 1542 nostrum
844 1515 1012 1554 gregem.

50 1555 190 1604 Ejicite
208 1570 255 1594 ex
274 1557 402 1595 animo
420 1570 551 1596 curam
569 1566 684 1608 atque
702 1557 871 1595 alienum
890 1570 964 1595 aes:

52 1609 115 1646 Ne
133 1609 218 1659 quis
236 1610 415 1648 formidet
432 1611 682 1661 flagitatorem
703 1623 829 1648 suum.

51 1661 157 1699 Ludi
174 1673 285 1700 sunt:
315 1663 430 1701 ludus
448 1663 560 1701 datus
580 1670 635 1700 est
652 1662 885 1713 argentariis.
1109 1665 1162 1700 25

50 1714 325 1766 Tranquillum
343 1716 414 1753 'stt
442 1715 657 1753 Alcedonia
676 1724 764 1753 sunt
783 1716 924 1754 circum
943 1717 1083 1755 forum.

50 1768 214 1806 Ratione
232 1776 417 1806 utuntur:
447 1769 549 1806 ludis
567 1777 728 1820 poscunt
746 1769 965 1815 neminem;

51 1821 273 1859 Secundum
292 1821 402 1860 ludos
420 1821 585 1860 reddunt
603 1830 732 1859 autem
751 1823 910 1860 nemini.

50 1874 179 1913 Aures
196 1874 336 1912 vacivae
353 1874 385 1912 si
399 1882 502 1921 sunt,
521 1875 694 1913 animum
713 1874 921 1914 advortite:

50 1927 262 1966 comoediai
279 1939 418 1966 nomen
436 1928 525 1966 dare
543 1927 649 1966 vobis
667 1927 765 1966 volo.
1113 1930 1168 1967 30

52 1980 294 2019 Clerumenoe
312 1990 465 2019 vocatur
483 1981 564 2020 haec
581 1981 764 2020 oomoedia

52 2033 198 2082 Graece,
217 2034 357 2072 Latine
374 2034 591 2073 Sortientes.
646 2033 829 2085 Diphilus

54 2086 169 2127 Hanc
187 2087 319 2134 Graeoe
336 2087 508 2140 scripsit:
538 2096 623 2140 post
640 2087 681 2126 id
697 2100 850 2127 rursum
870 2087 995 2127 denuo
