1412 2427
180 68 258 106 208
481 66 822 108 BACCHIDES.
850 67 928 107 1v.
957 69 994 106 9.

180 174 394 226 Nunquam
415 173 584 227 (edepol)
605 174 818 227 quidquam
837 182 976 214 temere
995 173 1146 214 credam
1163 173 1290 223 Chry-

181 281 221 319 V
222 294 327 319 erum
342 228 438 320 11811121
456 281 568 319 etiam
588 280 684 319 mihi
701 281 771 319 has
789 281 979 332 perlegere
997 280 1147 319 denuo.
1239 226 1286 264 81

181 334 356 386 AEquum
374 342 431 373 est
449 334 595 373 tabellis
613 334 840 385 consignatis
859 333 1017 373 credere.

423 490 607 531 ACTUS
637 491 714 530 IV.
767 490 952 530 SCENA
983 490 1059 529 IX.

434 597 728 637 CHRYSALUS.
757 597 1044 636 Nmonums.

183 703 278 742 Chr.
309 703 459 743 Atridae
476 704 552 742 duo
571 704 702 742 fratres
720 703 847 742 cluent
863 702 992 742 fecisse
1010 703 1156 742 facinus
1183 714 1292 740 max-

183 809 314 858 Quom
330 770 668 863 ssffaffi'pauiam,
685 810 933 862 Pergamum,
949 809 1079 848 divina
1093 808 1294 847 moenitum

184 914 329 964 Armis,
344 876 477 968 ἓξὲξ,
490 917 670 965 exercitu,
691 923 805 966 atque
823 915 971 953 eximiis
989 915 1266 961 bellatoribuS„

186 969 394 1008 Millentim
422 982 580 1009 numero
599 970 770 1018 navium,
790 968 949 1007 decumo
967 981 1067 1008 anno
1090 976 1177 1020 post
1203 969 1295 1007 sub-

185 1076 276 1114 Non
297 1031 701 1128 Peeliggffitiennento]
722 1074 811 1123 fuit,
839 1082 962 1127 praeut
980 1086 1050 1126 ego
1074 1075 1210 1113 herum
1229 1087 1296 1113 ex-

347 1127 526 1180 pugnabo
544 1142 690 1178 meum,
1269 1130 1295 1166 5

185 1182 274 1220 Sine
286 1182 412 1227 classe,
427 1183 581 1234 sineque
595 1182 773 1225 exercitu,
785 1189 822 1220 et
833 1188 938 1220 tanto
949 1194 1107 1220 numero
1117 1181 1299 1219 militum.

186 1235 295 1287 Cepi,
323 1236 554 1287 expugnavi,
581 1235 725 1274 amanti
750 1234 861 1273 herili
888 1235 967 1274 filio
989 1247 1125 1273 aurum
1153 1236 1202 1272 ab
1228 1247 1298 1272 suo

171 1342 317 1388 Nunc,
337 1297 561 1394 ssgffsequam
587 1341 664 1380 huc
685 1354 799 1381 senex
818 1340 934 1389 venit,
960 1340 1053 1379 libet
1079 1340 1295 1389 lamentari,

348 1395 441 1433 dum
462 1403 594 1433 exeat:

190 1449 228 1488 O
261 1449 403 1498 Troja!
442 1449 480 1486 O
507 1448 653 1500 patria!
693 1448 732 1487 O
755 1447 1013 1499 Pergamum!
1053 1446 1091 1485 O
1116 1446 1294 1484 Priame!

346 1502 502 1553 periisti,
528 1514 658 1548 senex,

188 1555 269 1602 Qui
297 1556 430 1593 misere
443 1555 548 1615 ‘male
571 1554 785 1592 mulcabere
803 1553 1089 1605 quadringentis
1108 1552 1300 1644 Philipqig

402 1621 420 1644 Υ
475 1635 485 1645 0

190 1661 295 1699 Nam
315 1621 472 1751 εξὲἶουΙΞς»8
488 1660 645 1698 tabellas
670 1660 903 1711 obsignatas,
926 1659 1177 1710 consignatas,
1204 1671 1301 1711 quas

190 1766 283 1805 Non
310 1727 585 1857 suffot'abeuae’
612 1766 678 1806 sed
704 1779 839 1818 equus,
866 1779 981 1818 quem
1009 1765 1143 1804 misere
1160 1765 1303 1804 Achivi

191 1873 315 1924 Epius
333 1833 406 1911 estg
407 1833 658 1912 11¹³(ilslt13clerusz
688 1874 736 1911 ab
755 1886 798 1911 eo
822 1873 904 1911 haec
923 1879 1060 1911 sumta.
1114 1871 1302 1910 Mnesilo-

353 1927 446 1964 chus
466 1928 583 1965 Sinon
602 1934 657 1965 oet

194 1979 378 2018 Relietus.
445 1980 605 2018 Ellum!
647 1992 724 2018 non
752 1980 792 2018 in
825 1982 936 2019 busto
965 1979 1127 2024 Achilli,
1162 1977 1227 2016 sed
1260 1978 1302 2016 in

354 2033 464 2080 lecto,
487 2035 669 2071 accubat:

202 2087 431 2126 Bacchidem
452 2062 569 2124 'habet
595 2088 864 2126 secum.111e
887 2088 979 2126 olim
1003 2085 1139 2124 habuit
1163 2065 1305 2136 ignem,

366 2140 432 2191 qui
453 2140 604 2190 signum
623 2139 751 2178 daret·
1262 2138 1310 2175 15
