1412 2427
168 85 247 123 332
454 83 856 124 CISTELLARIA.
888 83 933 122 11
937 112 955 130 .,
975 85 1014 122 3.

408 243 595 283 ACTUS
624 243 682 282 ΙΙ.
738 243 922 282 SCENA
953 243 1037 281 ΙΙΙ.

250 349 614 387 PnANosTRATA.
662 349 927 388 LAMPAmo.
974 349 1223 389 Mmffims.

170 456 298 492 Plean.
328 456 478 494 Audire
495 469 624 494 vocem
644 457 723 495 visa
740 469 826 495 sum
846 465 933 494 ante
951 456 1064 494 aedeis
1083 455 1198 493 modo

171 508 216 546 M
223 509 255 546 ei
276 510 518 561 Lampadisci
537 511 645 547 servi.

647 565 760 601 Lam.
795 563 885 601 Non
907 563 1021 601 surda
1039 576 1093 610 es,
1113 562 1230 600 hera:

168 615 287 654 Recte
305 616 494 654 audivisti.

371 672 502 708 Plean.
531 669 638 717 Quid
658 671 739 722 agis
755 671 848 708 hic?

815 726 928 762 Lam.
962 723 1077 771 Quod
1096 723 1275 774 gaudeas.

168 777 295 814 ΡΙιαη.
324 775 431 824 Quid
452 776 491 814 id
510 784 565 815 ωε
579 779 598 815 ?

420 831 534 868 Lam.
560 831 664 869 Hinc
683 844 731 869 ex
748 830 850 869 hisce
869 831 1013 868 aedibus
1031 830 1147 881 paulo
1165 829 1272 881 prius

163 881 258 919 Vidi
277 891 478 922 exeuntem
497 885 696 922 mulierem
717 912 726 921 .
748 911 758 921 .
779 911 787 921 .
809 911 818 921 .

682 939 813 975 Flam.
843 937 973 984 Illam,
993 950 1079 988 quae
1098 949 1222 974 meam
1252 939 1276 974 5

164 987 332 1026 Gnatam
353 990 561 1028 sustulerat
574 993 592 1028 ἲ

538 1045 653 1082 Lam.
679 1044 779 1082 Rem
798 1051 914 1081 tenes.

832 1099 960 1135 Ρὶιαιι.
991 1096 1098 1144 Quid
1116 1095 1273 1146 postea?

163 1149 279 1187 Lam.
320 1149 419 1188 Dico
437 1150 484 1199 ei,
505 1164 582 1202 quo
600 1158 711 1202 pacto
729 1163 812 1189 eam
834 1152 881 1189 ab
899 1150 1152 1202 hippodromo
1170 1148 1274 1187 vide-

321 1216 394 1241 nm

160 1255 334 1294 Herilem
352 1257 470 1295 filiam
486 1265 654 1296 nostram
673 1257 879 1296 sustollere.

162 1308 358 1348 Extimuit
375 1319 459 1350 tum
478 1312 555 1349 illa.

523 1366 618 1403 Mel.
645 1365 739 1403 Jam
756 1365 882 1404 horret
900 1377 1059 1415 corpus;
1091 1376 1153 1401 cor
1171 1363 1272 1402 salit.

158 1416 265 1454 Nam
282 1416 379 1455 mihi
397 1419 445 1456 ab
463 1418 716 1470 hippodromo
734 1419 894 1457 memini
913 1417 1038 1456 afferri
1053 1417 1255 1467 parvulam

157 1469 351 1517 Puellam,
370 1484 530 1523 eamque
548 1485 610 1510 me
628 1472 725 1510 mihi
743 1484 966 1533 supponere.
1220 1470 1265 1507 ll

159 1523 293 1562 Phan.
319 1525 422 1576 Age,
442 1538 570 1586 perge,
591 1539 744 1577 quaeso:
775 1525 925 1563 animus
943 1524 1074 1562 audire
1092 1523 1251 1574 expetit,

157 1575 214 1614 Ut
232 1590 290 1615 roe
307 1586 413 1628 gesta
432 1578 492 1616 sit.

486 1633 588 1670 Mel.
616 1631 777 1670 Utinam
797 1631 929 1669 audire
946 1643 1024 1668 non
1043 1642 1184 1681 qums.
1175 1629 1185 1654 ¹

156 1684 274 1721 Lam.
305 1684 429 1735 Pergo
446 1684 554 1723 illam
565 1685 624 1723 his
636 1685 780 1736 alloqui
794 1684 926 1723 dictis:
948 1687 977 1707 “
990 1684 1097 1722 Illaec
1116 1696 1154 1722 se
1171 1694 1268 1721 anus

157 1736 190 1773 F
194 1737 317 1775 urtivo
334 1746 512 1786 matrem,
532 1752 571 1776 se
589 1751 638 1777 ne
654 1738 815 1785 deseras,
835 1745 954 1776 vocat.
981 1752 984 1756 ·
1216 1736 1267 1773 15

156 1789 263 1827 Nam
281 1789 378 1829 illaec
395 1791 466 1830 tibi
482 1792 613 1830 nutrix
631 1799 700 1839 est,
720 1803 769 1829 ne
786 1799 946 1830 matrem
963 1802 1126 1830 censeas.

158 1843 245 1893 Ego
263 1851 300 1880 te
319 1844 470 1890 reduco,
491 1852 528 1883 et
546 1858 638 1884 voco
655 1845 704 1883 ad
723 1844 887 1891 divitias,
907 1844 976 1883 ubi

155 1896 220 1933 Tu
239 1896 387 1934 locere
377 1910 416 1934 in
435 1899 667 1937 luculentam
687 1898 898 1936 familiam:

156 1950 270 1987 Unde
288 1950 358 1988 tibi
375 1951 516 1989 talenta
533 1965 675 2013 magna
689 1951 823 2002 viginti
839 1959 947 2002 pater

156 2001 237 2040 Det
254 2002 377 2042 dotis.
405 2016 481 2042 non
501 2006 602 2043 enim
620 2006 699 2052 hic,
714 2006 782 2044 ubi
800 2018 848 2043 ex
869 2006 999 2043 Tusco
1015 2003 1130 2042 modo
1211 2005 1265 2041 20

159 2056 263 2094 Tute
283 2056 352 2094 tibi
369 2057 525 2108 indigne
543 2059 671 2097 dotem
690 2071 839 2110 quaeras
858 2058 1050 2109 corpores

155 2110 285 2148 Plaan
305 2111 371 2147 An
394 2111 567 2163 (amabo)
584 2112 763 2151 meretrix
781 2112 848 2151 illa
867 2119 935 2159 est,
955 2124 1042 2162 quae
1059 2109 1166 2147 illam
1181 2122 1265 2148 sus-

315 2164 433 2202 tulit?
