1412 2427
151 80 230 116 212
453 78 794 116 BACCHIDES.
827 76 902 114 IV.
930 79 967 115 9.

421 185 520 224 Chr.
542 185 622 223 Ubi
640 184 760 232 lubet,
780 183 917 222 recita:
948 183 1098 221 aurium
1117 194 1271 234 operam

528 238 598 276 tibi
616 238 710 276 dico.
1214 237 1265 279 72

161 291 259 329 Nic.
289 289 396 329 Cerae
420 291 573 342 quidem
604 291 709 328 haud
738 291 867 341 parsit,
897 302 1020 341 neque
1047 289 1161 334 sti103
1191 288 1271 335 sed,

318 344 506 396 quidquid
524 351 594 391 est,
614 344 803 395 perlegere
817 351 961 381 certum
981 343 1041 380 'st.

161 400 190 420 “
213 397 339 444 Pater,
359 397 538 436 ducentos
557 398 756 448 Philippos
778 395 942 448 (quaeso)
973 395 1160 445 Chrysalo

161 450 240 498 Da,
260 451 291 488 si
310 463 388 489 esse
405 451 553 490 salvum
572 451 629 489 vis
647 463 723 497 me,
743 458 809 488 aut
827 449 981 487 vitalem
1000 448 1113 486 tibiss'
1221 446 1272 491 75

165 505 262 543 Chr.
281 503 437 543 Malum
452 504 606 556 quidem
625 502 792 555 (hercle)
807 499 1206 602 magnum,Ntil(i{d1«1:o.

933 556 1020 593 Nic
1097 566 1138 592 m
1185 555 1273 592 est?

163 611 256 649 Chr.
276 611 368 649 Non
386 611 492 662 prius
509 611 671 649 salutem
691 609 861 661 scripsit.
851 611 869 638 ⁹

776 665 876 701 Nic.
899 662 1104 712 Nusquam
1124 660 1257 699 sentio.

164 716 262 756 Chr,
282 717 372 756 Non
391 717 512 766 dabis,
533 718 566 755 si
584 719 731 769 sapies;
760 728 907 764 verum,
928 715 959 754 si
977 714 1044 753 das
1061 727 1257 763 maxume,

164 769 253 817 Nae,
274 770 339 808 ille
357 771 476 809 alium
494 772 670 822 gerulum
690 777 849 822 quaerat,
869 770 900 807 si
920 768 1052 819 sapiet,
1072 768 1171 806 sibi:

165 824 271 862 Nam
291 836 360 874 ego
382 837 457 862 non
477 825 623 862 laturus
643 836 746 871 sum,
766 823 796 861 si
811 824 945 872 jubeas
964 833 1157 859 maxume.
1195 860 1201 869 ,
1227 822 1279 859 80

164 877 233 915 Sat
251 877 304 915 sic
322 886 516 927 suspectus
535 890 635 925 sum,
656 889 774 928 quom
793 888 899 915 careo
917 875 1045 913 noxia.

166 931 264 968 Nic.
292 930 483 968 Ausculta
500 942 627 981 porr0,
648 931 743 968 dum
769 929 855 976 hoc,
876 928 980 980 quod
1009 927 1192 979 scriptum
1212 934 1281 976 est,

353 983 428 1021 erle
456 996 489 1021 o.

170 997 384 1075 Chr.1n1‹’1e
403 997 499 1088 agpri
490 1036 627 1086 ncipio
643 1037 725 1086 jam
745 1034 950 1087 impudens
969 1033 1160 1087 epistola’
1163 1042 1208 1073 st.

167 1091 231 1127 N
220 1102 266 1127 ιι·
299 1092 328 1112 “
358 1089 484 1128 Pudet
515 1090 664 1141 prodire
696 1102 759 1128 me
791 1089 841 1127 ad
876 1096 914 1127 te
944 1088 985 1127 in
1023 1095 1280 1140 conspectum,

356 1150 458 1181 ater:

167 1157 354 1235 'I'antuni³
361 1197 548 1248 flagitium
568 1204 604 1235 te
623 1197 717 1235 scire
734 1196 863 1235 audivi
881 1208 1026 1245 meum,
1229 1196 1280 1232 85

165 1250 282 1294 Quod
300 1263 388 1289 cum
406 1250 595 1302 peregrini
613 1250 729 1289 cubui
749 1262 866 1288 uxore
883 1249 1115 1288 militis.”—

167 1304 257 1350 Pol,
276 1303 381 1342 haud
399 1304 570 1343 derides:
602 1316 693 1342 nam
712 1302 884 1342 ducentis
903 1303 1026 1342 aureis

166 1356 360 1409 Philippis
378 1357 521 1396 redemi
540 1357 659 1396 vitam
678 1369 726 1396 ex
744 1357 887 1408 flagitio
911 1364 1031 1394 tuam.

169 1411 267 1448 Chr.
284 1410 395 1449 Nihil
414 1418 469 1449 est
486 1411 655 1458 illorum,
676 1410 769 1462 quin
791 1423 859 1461 ego
877 1410 934 1447 ini
952 1409 1125 1448 dixerim.

168 1464 222 1501 N
221 1465 268 1501 ic
293 1467 323 1486 “
342 1465 466 1503 Stulte
484 1464 613 1503 fecisse
630 1464 760 1502 fateor.
817 1463 892 1501 Sed
911 1475 1054 1514 quaeso,
1074 1469 1195 1514 pater,
1225 1464 1277 1502 90

168 1518 233 1555 Ne
251 1530 327 1566 me,
343 1517 383 1555 in
403 1517 563 1556 stultitia
581 1517 613 1555 si
631 1516 786 1568 deliqui,
803 1516 963 1554 deseras.

168 1571 256 1621 Ego
274 1571 402 1608 animo
420 1570 572 1622 cupido,
593 1578 709 1622 atque
727 1569 846 1607 oculis
863 1569 1060 1608 indomitis
1079 1569 1148 1607 fui.

167 1623 423 1662 Persuasum'
426 1631 460 1662 st
469 1624 605 1671 facere,
618 1624 757 1675 quojus
771 1635 874 1661 nunc
887 1635 949 1660 me
963 1623 1053 1662 facti
1069 1621 1225 1674 pudet.”
1229 1642 1281 1651 —

169 1677 283 1716 Prius
301 1684 338 1715 te
356 1677 496 1716 cavisse
514 1690 616 1728 ergo,
637 1689 754 1728 quam
773 1676 930 1727 pudere,
950 1689 1105 1728 aequum
1124 1677 1208 1714 fuit.

173 1732 271 1769 Chr.
290 1730 440 1769 Eadem
458 1731 559 1769 istaec
578 1732 692 1768 verba
709 1729 858 1767 dudum
876 1729 933 1767 1111
951 1730 1034 1768 dixi
1052 1730 1194 1768 omnia.
1229 1731 1282 1768 95

170 1785 272 1822 Nic.
300 1786 328 1807 “
348 1784 504 1833 Quaeso,
524 1791 568 1822 ut
586 1791 643 1822 sat
661 1783 801 1822 habeas
818 1783 873 1832 id,
893 1791 1013 1835 pater,
1033 1784 1138 1835 quod
1157 1783 1283 1833 Chry·

331 1838 433 1875 salus

168 1891 241 1930 Me
259 1891 473 1941 objurgavit
491 1891 666 1940 plurimis
684 1890 807 1929 verbis
826 1890 952 1939 malis,

167 1946 224 1984 Et
241 1957 304 1982 me
322 1944 514 1982 meliorem
534 1944 620 1982 fecit
638 1944 834 1996 praeceptis
852 1944 943 1989 suis,

169 1998 228 2037 Ut
246 2005 283 2036 te
301 1997 335 2036 ei
352 1997 490 2036 habere
507 1998 667 2048 gratiam
687 2010 842 2048 aequum
861 1998 909 2035 sit
926 1997 1109 2036 bonam.''

172 2054 269 2091 Chr.
286 2051 407 2090 Estne
426 2052 523 2090 istuc
540 2051 623 2089 istic
642 2052 823 2102 scriptum
841 2053 859 2089 ἓ

505 2104 557 2143 N
558 2107 604 2143 ic.
624 2105 729 2143 Hem
746 2105 756 2142 2
786 2110 912 2155 specta
923 2119 935 2151 ;
966 2113 1050 2142 tum
1070 2103 1171 2142 scies.
1207 2103 1283 2142 100

174 2160 270 2198 Chr.
292 2160 362 2209 Ut,
383 2159 449 2211 qui
469 2158 641 2210 deliquit,
663 2158 824 2210 supplex
844 2166 899 2197 est
917 2159 1017 2197 ultro
1036 2156 1239 2196 omnibus!
