1412 2427
454 48 678 88 CASINA.
708 48 767 86 ΙΙ.
799 49 831 86 1.
1134 46 1212 90 277

96 155 196 194 Cha.
228 154 336 203 Quid
353 161 397 193 tu
412 155 510 194 mihi
526 155 639 194 facies
652 158 670 195 :³

531 210 659 258 Olym.
686 208 823 258 Egone
841 207 934 258 quid
953 206 1087 245 faciam
1102 205 1171 244 tibi
1185 207 1203 243 Ρ

93 261 270 300 Primum
288 262 476 308 omnium,
494 261 586 299 huic
602 262 745 299 lucebis
763 273 871 298 novae
889 269 1020 311 nuptae
1038 260 1175 302 facem,

91 315 252 353 Postilla
270 323 314 353 ut
331 328 477 366 semper
493 315 691 365 improbus
709 314 881 364 nihilque
899 313 962 351 sis.
1147 314 1197 350 31

93 369 186 406 Post
204 368 245 406 id
262 368 449 415 locorum,
469 367 622 418 quando
641 368 690 405 ad
708 367 840 404 villam
857 367 1015 411 veneris,

92 421 260 459 Dabitur
278 422 349 460 tibi
365 421 549 472 amphora
567 433 659 466 una,
679 430 716 459 et
734 433 811 457 una
830 420 993 470 [semita.,
999 418 1015 469 ]

91 474 193 512 Fons
211 487 326 521 unus,
346 487 468 512 unum
487 474 667 520 ahenum,
688 482 725 512 et
742 482 825 511 octo
843 473 966 510 dolia:

90 527 191 574 Quae
209 528 283 565 nisi
300 536 411 566 erunt
429 540 578 578 semper
595 528 722 578 plena,
745 539 814 576 ego
830 535 865 564 te
882 527 1049 577 implebo
1062 526 1201 578 flagris.

93 580 155 618 Ita
173 590 209 618 te
226 581 444 631 aggerunda
463 593 622 619 curvum
640 594 740 632 aqua
758 580 895 618 faciam
912 581 1042 630 probe,
1149 581 1201 616 30·

90 633 130 671 L
133 641 148 671 t
165 634 348 684 postilena
366 633 483 685 possit
501 647 547 671 ex
568 641 605 672 te
623 634 715 671 fieri.

89 685 182 724 Post
199 696 342 732 autem
361 687 442 724 ruri
458 686 531 724 nisi
549 695 592 725 tu
613 686 826 739 [acervum]
845 686 978 732 ederis,

88 739 189 787 Aut,
210 740 320 791 quasi
330 715 555 788 lumbricus,
571 749 734 784 terram;
765 740 868 791 quod
886 750 922 778 te
939 739 1105 801 postules

90 792 255 831 Gustare
271 793 505 845 quidquam;
535 806 734 844 nunquam
756 792 956 844 (edepol)
942 793 1132 842 jejunium

89 846 120 884 J
121 847 281 895 ejunum
297 847 346 885 'st
364 860 485 898 aeque,
505 855 620 898 atque
638 860 706 898 ego
725 847 880 885 reddibo
899 856 947 884 te.
1147 847 1194 883 41

90 899 183 938 Post
199 900 254 946 id,
275 913 393 951 quom
411 901 533 938 lassus
551 901 666 938 fueris
685 909 721 938 et
739 900 949 944 famelicus,

89 952 221 991 Noctu
239 962 283 991 ut
301 953 484 1004 condigne
502 962 539 991 te
557 955 683 1000 cubes,
703 954 907 992 curabitur.

92 1007 190 1044 Cha.
218 1006 326 1054 Quid
343 1006 455 1044 facies
467 1006 485 1043 ?

330 1061 459 1109 Olym.
490 1060 727 1098 Concludere
744 1060 785 1098 in
805 1060 1006 1098 fenestram
1025 1059 1197 1105 firmiter,

89 1112 205 1151 Unde
223 1113 435 1151 auscultare
452 1113 584 1164 possis,
605 1126 722 1164 quom
741 1127 810 1164 ego
828 1114 941 1151 illanc
960 1113 1126 1151 osculer:
1148 1115 1199 1150 45

90 1165 221 1210 Quom
238 1166 335 1204 mihi
351 1166 418 1205 illa
435 1166 546 1212 dicet,
568 1169 596 1189 ‘⁶
612 1167 676 1204 Mi
694 1166 862 1205 animule
877 1167 886 1204 !
913 1167 967 1204 mi
987 1165 1172 1217 Olympio
1188 1167 1197 1203 !

89 1220 184 1258 Μαι
202 1220 302 1257 vita!
335 1232 421 1258 mm
438 1219 620 1257 mellilla!
655 1233 741 1258 mea
758 1220 940 1258 festivitas
956 1220 966 1257 Ξ

89 1273 179 1312 Sine
197 1281 283 1311 tuos
300 1273 436 1311 ocellos
455 1272 661 1321 deosculer,
681 1273 855 1324 voluptas
873 1273 982 1311 mea!

90 1327 195 1375 Sine,
216 1328 367 1373 amabo,
388 1335 424 1365 te
444 1326 578 1372 amari,
598 1339 706 1365 meus
724 1327 841 1365 festus
859 1327 938 1364 dies
954 1327 964 1364 Ξ

90 1380 137 1418 M
142 1393 207 1418 eus
224 1380 354 1430 pullus
371 1393 498 1431 passer
513 1380 522 1417 !
556 1393 641 1418 mea
660 1380 836 1418 columba
851 1380 860 1416 !
893 1379 948 1417 mi
966 1381 1076 1429 lepus
1092 1379 1102 1416 !
1120 1380 1200 1410 ''—

89 1433 221 1480 Quom
240 1434 297 1470 mi
314 1433 395 1471 haec
414 1433 585 1471 dicentur
603 1433 716 1481 dicta,
737 1441 820 1470 tum
839 1444 895 1480 tu,
914 1433 1080 1480 furcifer,
1149 1433 1196 1469 51

89 1486 214 1534 Quasi
230 1499 332 1534 mus,
351 1486 392 1524 in
410 1487 536 1525 medio
553 1487 696 1538 pariete
714 1488 918 1524 vorsabere.

90 1539 223 1587 Nunc,
243 1552 291 1578 ne
308 1547 390 1578 tute
408 1540 505 1578 mihi
522 1540 756 1601 respondere·
765 1540 943 1591 postules,

88 1594 201 1631 Abeo
217 1593 341 1632 intro.
372 1594 484 1632 taedet
501 1593 684 1632 sermonis
703 1594 772 1631 tui.

687 1648 784 1686 Cha.
815 1647 874 1685 Te
892 1659 1039 1698 sequor.

89 1699 170 1738 Hic
187 1699 343 1751 quidem
357 1701 472 1752 (pol)
488 1708 589 1739 certo
605 1701 703 1739 nihil
717 1714 804 1752 ages
820 1701 899 1739 sine
917 1714 980 1739 me
997 1699 1147 1738 arbitro.

359 1861 545 1900 ACTUS
573 1860 634 1899 ΙΙ.
690 1861 876 1901 SCENA
905 1862 941 1900 1.

296 1968 991 2008 CLEOSTRATA.PARDAL18cA.

91 2077 194 2114 Cleo.
220 2074 433 2128 obsignate
450 2076 587 2122 cellas3
616 2075 751 2115 referte
767 2075 956 2114 annulum
974 2073 1023 2112 ad
1041 2085 1128 2110 me:

86 2129 462 2224 Egssoliucffmsoe
450 2142 492 2169 111
508 2142 744 2182 proxumum
762 2129 812 2168 ad
829 2141 967 2218 magu}3
975 2126 1151 2166 vicinam.
