1412 2427
244 96 324 135 338
511 97 915 138 CISTELLARIA.
945 98 1021 138 IV.
1047 99 1086 136 2.

495 258 681 300 ACTUS
710 259 787 299 IV.
842 259 1028 299 SCENA
1059 257 1118 297 ΙΙ.

329 365 545 404 HALIscA.
592 366 858 406 LAMPAmo.
910 366 1274 405 Pan-oswium.

251 472 349 510 Hae.
378 472 464 511 Nisi
482 472 575 524 quid
593 473 690 511 mihi
707 473 790 525 opis

248 525 317 563 Dii
335 525 442 572 dant,
461 526 637 578 disperii:
668 539 804 578 neque,
829 525 931 565 unde
952 525 1141 564 auxilium
1164 532 1354 578 expetam,

407 579 538 618 habeo.

251 631 388 684 Itaque
406 634 616 684 petulantia
632 646 718 672 mea
736 647 798 672 me
817 633 935 671 animi
951 632 1125 671 miseram
1145 632 1259 670 habet
1272 646 1284 670 ι

251 687 350 730 Quae
368 687 408 724 in
427 695 576 738 tergum
595 700 727 725 meum
746 700 794 725 ne
808 687 947 731 veniat,
965 686 1065 724 male
1083 685 1260 732 formido,

251 740 294 778 Si
311 740 403 778 hera
421 752 506 778 mea
524 740 628 787 sciat,
649 749 727 779 tam
744 739 936 779 socordem
955 752 1049 786 esse,
1069 751 1187 790 quam
1206 751 1306 777 sum.
1330 741 1356 776 5

249 793 430 841 Quamne
459 793 498 831 in
528 794 706 833 manibus
735 794 855 840 tenui,
888 801 1002 844 atque
1027 793 1153 844 accepi
1179 792 1243 831 hic
1271 800 1359 831 ante

411 846 522 885 aedeis

252 899 482 938 Cistellam?
513 900 591 938 Ubi
611 914 654 938 ea
672 900 732 945 sit,
754 900 905 947 nescim
934 899 1020 946 nisi,
1040 907 1084 937 ut
1105 899 1252 951 opinor,

254 954 357 991 Loca
374 953 456 991 haec
475 953 617 991 circiter
636 954 775 991 excidit
792 953 899 991 mihi.
947 953 1011 990 Mi
1027 952 1214 1001 hominae,

254 1007 317 1044 Mi
337 1015 575 1057 spectatores,
594 1007 706 1045 facite
718 1007 916 1053 indicium,
937 1006 968 1044 si
981 1006 1067 1058 quis

253 1059 376 1103 Vidit,
397 1060 427 1098 si
447 1060 532 1111 quis
551 1073 632 1098 eam
653 1061 861 1107 abstulerit,
882 1060 1014 1111 quisve
1311 1059 1360 1098 lo

253 1113 471 1159 Sustulerit,
492 1121 528 1151 et
546 1123 676 1151 utrum
695 1113 768 1152 hac
785 1126 834 1151 an
853 1114 940 1152 illac
957 1114 1027 1151 iter
1041 1113 1229 1152 institerit.

253 1167 343 1205 Non
364 1179 448 1204 sum
468 1167 606 1213 scitior,
627 1180 713 1219 quae
730 1167 799 1206 hos
817 1180 960 1218 rogem,
981 1175 1047 1205 aut
1065 1180 1151 1218 quae
1169 1165 1337 1218 fatigem,

250 1220 332 1267 Qui
351 1233 498 1271 semper
515 1221 617 1258 malo
636 1221 812 1259 muliebri
831 1229 919 1259 sunt
936 1221 1121 1259 lubentes.

252 1274 293 1311 N
297 1286 370 1311 unc
388 1274 544 1325 vestigia
559 1273 624 1312 hic
642 1274 672 1312 si
691 1287 768 1326 qua
786 1281 887 1321 sunt,
907 1274 1112 1312 noscitabo.

254 1327 376 1371 Nam,
397 1326 427 1364 si
447 1339 559 1365 nemo
576 1327 647 1366 hac
665 1328 857 1379 praeteriit,
877 1336 1079 1378 postquam
1096 1327 1197 1365 intro
1215 1327 1305 1373 abii,

253 1380 410 1419 Cistella
428 1381 492 1418 hic
507 1382 657 1430 jaceret.
702 1381 821 1425 Quid,
841 1381 934 1419 hic?
965 1380 1095 1427 Periit,
1115 1381 1260 1432 opinor.
1311 1381 1361 1419 16

251 1434 398 1472 Actum
418 1434 498 1472 est!
532 1434 632 1473 ilicet
650 1447 713 1473 me
733 1435 921 1472 infelicem
941 1443 978 1473 et
995 1434 1201 1472 seelestam.

252 1487 375 1525 Nulla
394 1488 471 1525 est!
504 1500 627 1539 neque
645 1501 714 1540 ego
733 1501 819 1526 sum
838 1501 1015 1539 usquam.
1061 1487 1214 1525 Perdita
1232 1488 1358 1539 perdi-

413 1541 469 1578 dit
485 1554 561 1579 me.

252 1593 327 1633 Sed
346 1607 517 1645 pergam,
535 1603 580 1633 ut
598 1596 705 1647 coepi,
727 1603 877 1633 tamen:
915 1594 1134 1645 quaeritabo.

253 1648 359 1685 Nam
379 1655 416 1685 et
432 1649 536 1686 intus
554 1661 687 1700 paveo,
706 1656 744 1687 et
759 1648 849 1686 foris
866 1647 1052 1685 formido:
1081 1648 1136 1686 ita
1152 1659 1255 1687 nunc
1309 1649 1361 1686 20

253 1701 469 1752 Utrobique
505 1715 569 1740 me
605 1710 731 1741 metus
766 1702 908 1753 agitat:
956 1701 1025 1739 illo
1059 1708 1148 1739 sunt
1189 1701 1362 1740 homines

415 1768 550 1794 misere

256 1807 415 1846 Miseri:
450 1809 514 1846 ille
533 1821 635 1847 nunc
655 1809 765 1848 laetus
783 1816 852 1857 aet,
882 1808 1054 1860 quisquis
1077 1815 1149 1855 est,
1168 1808 1236 1860 qui
1253 1808 1360 1846 illam

414 1861 527 1900 habet
544 1877 553 1899 z

255 1913 356 1959 Quae
383 1927 507 1966 neque
535 1916 603 1953 illa
630 1916 687 1954 illi
717 1915 930 1968 quidquam
957 1916 1045 1954 usui
1057 1917 1130 1960 'st;
1161 1915 1258 1953 mihi
1283 1928 1362 1953 esse

415 1976 551 2018 potest.

255 2022 331 2060 Sed
349 2031 493 2061 memet
511 2035 650 2071 moror,
671 2035 789 2074 quom
806 2023 879 2062 hoc
897 2036 969 2073 ago
987 2022 1117 2061 secius.

254 2075 424 2123 Halisca,
443 2076 514 2114 hoc
532 2089 626 2127 age.
658 2077 707 2114 ad
725 2084 865 2115 terram
883 2077 1046 2127 adspice,
1067 2084 1104 2114 et
1121 2075 1287 2127 dispice:
1309 2075 1360 2112 25
1398 2112 1402 2115 .

251 2129 386 2168 Oculis
405 2129 636 2181 investigans
656 2137 780 2169 astute
798 2143 956 2182 augura.

949 2185 1062 2221 Lam.
1095 2181 1224 2221 Hera!
