1412 2427
474 38 700 79 CASINA.
730 37 790 76 11.
818 39 856 76 3.
1141 38 1220 75 283

105 153 208 191 Stat.
240 148 324 197 Qui
354 145 572 199 (malum!)
602 144 750 183 homini
781 144 1008 195 scutigerulo
1037 143 1125 182 dare
1154 142 1215 182 lu-

257 203 352 241 bet?

345 255 447 294 Cleo.
475 251 580 299 Quia
598 251 700 290 enim
717 250 797 288 filio

105 311 190 349 Nos
208 315 354 361 oportet
372 306 549 359 opitulari
566 304 692 343 unico.

492 360 590 397 Stal,
617 359 688 406 At,
709 369 945 408 quamquam
962 357 1142 405 unicu'st,
1163 359 1214 395 45

108 416 245 455 Nihilo
261 414 384 465 magis
410 412 576 451 unicu'st
599 411 664 449 ine
688 410 785 448 mihi
801 410 916 458 filius,
936 424 1053 462 quam
1073 424 1142 462 ego
1159 411 1216 448 illi

291 478 392 506 ater:

109 523 230 561 Illum
258 483 355 559 gfihi
373 517 563 571 aequiu’st,
584 530 701 569 quam
728 529 791 555 me
815 517 886 566 im,
908 531 994 569 quae
1011 517 1112 565 volo,
1131 529 1219 556 con-

268 575 408 612 cedere.

111 630 217 668 Cleo.
234 627 337 666 Tute
350 623 528 678 (ecastor)
542 624 625 673 tibi,
638 625 767 669 homo,
780 624 922 662 malam
933 637 1012 663 rem
1029 624 1178 675 quaeris.

749 679 849 716 Stat.
874 678 1057 717 Subolet:
1088 677 1220 715 sentio.

110 733 272 786 Egone?
836 760 837 763 η

187 789 287 826 Cleo.
319 786 397 824 Tu.
456 786 562 823 Nam
581 785 675 836 quid
692 784 885 836 friguttis?
912 784 1007 836 quid
1025 784 1123 822 istuc
1141 790 1222 822 tam

378 839 513 890 cupide
532 839 638 890 cupis
653 841 670 876 ?

114 896 214 934 Stal.
241 895 299 933 Ut
317 893 419 932 enim
443 893 546 943 frugi
565 905 669 930 servo
686 892 798 930 detur
814 891 955 943 potius,
976 903 1094 942 quam
1120 903 1225 930 servo

272 948 457 997 improbo.
1170 946 1224 982 50

118 1004 219 1041 Cleo.
251 1000 358 1044 Quid
387 999 418 1037 si
449 1010 518 1049 ego
551 999 728 1050 impetro,
753 1005 868 1050 atque
894 1009 1008 1036 exoro
1034 1011 1058 1035 a
1084 996 1223 1047 villico,

273 1066 384 1092 causa
403 1065 489 1090 mea

117 1108 172 1146 Ut
190 1121 274 1146 eam
292 1106 350 1145 illi
367 1106 592 1157 permittat?

436 1160 534 1197 Stal.
567 1158 673 1203 Quid
692 1158 724 1195 si
742 1171 811 1210 ego
829 1165 958 1198 autem
976 1160 1025 1197 ab
1043 1157 1228 1210 armigero

541 1220 716 1263 impetro,

120 1269 219 1306 Eam
239 1268 297 1305 illi
315 1265 536 1318 permittat?
565 1274 680 1316 atque
697 1265 769 1303 hoc
787 1265 896 1303 credo
914 1265 1185 1317 impetrassere.

122 1324 227 1361 Cleo.
257 1320 454 1359 Convenit.
509 1319 596 1367 Vis,
626 1318 702 1356 tuis
731 1318 938 1357 Chalinum
975 1319 1052 1357 huc
1080 1331 1230 1358 evocem

281 1374 404 1411 verbis
423 1373 551 1410 foras?

122 1429 187 1467 Tu
208 1441 296 1466 eum
315 1435 444 1472 orato;
475 1438 544 1476 ego
561 1432 688 1463 autem
711 1427 825 1464 orabo
843 1425 1028 1464 villicum.

811 1480 910 1517 Stal.
940 1480 1039 1517 Sane
1056 1478 1154 1517 volo.
1180 1481 1231 1515 55

126 1535 228 1573 Cleo.
255 1533 349 1572 Jam
385 1533 449 1571 hic
476 1533 558 1571 erit.
624 1533 740 1570 Nunc
770 1531 1022 1582 experiemur,
1060 1534 1232 1570 nostrum

282 1596 366 1625 uter
383 1587 430 1625 sit
447 1586 632 1625 blandior.

125 1643 222 1680 Stal.
252 1641 437 1678 Hercules
469 1640 613 1692 Diique
645 1640 756 1678 istam
792 1638 963 1690 perdant,
997 1638 1100 1691 quod
1131 1650 1233 1676 nunc

281 1694 390 1731 liceat
408 1693 543 1731 dicere.

124 1749 211 1799 Ego
233 1747 436 1784 discrucior
462 1747 575 1785 miser
600 1759 751 1785 amore:
785 1746 852 1784 ina
878 1753 1023 1795 autem,
1049 1746 1160 1797 quasi
1186 1747 1235 1784 ob

284 1799 524 1847 industriam,

123 1855 189 1894 Mi
217 1853 446 1943 advorsaffl.
503 1853 660 1892 Subolet
685 1853 757 1891 hoc
781 1854 864 1902 jam
892 1853 1016 1902 uxori,
1041 1852 1143 1905 quod
1171 1864 1240 1903 ego

284 1918 370 1944 mac
439 1919 504 1944 or:

127 1962 287 2013 Propter
315 1972 399 1997 eam
429 1972 524 2009 rem,
555 1960 678 2012 magis
704 1960 890 2012 armigero
918 1959 984 1999 dat
1010 1971 1164 2011 operam
1192 1958 1239 1995 de

289 2012 488 2051 industrii.
1189 2011 1243 2050 60
