1412 2427
452 51 751 91 ASINARIA.
778 50 813 88 Ι.
842 51 880 88 3.
1143 55 1193 99 72?

78 157 184 196 Tum
203 157 259 195 mi
278 157 376 196 aedae
394 169 548 209 quoque
575 156 803 204 arridebant,
824 168 941 207 quom
960 156 1008 195 ad
1031 167 1066 196 te
1086 159 1190 197 veni-

235 211 340 258 bam,
360 218 448 249 tuae.
1135 215 1186 250 55

80 263 152 302 Me
169 263 279 324 unice
297 275 420 325 unum
439 276 488 325 ex
505 261 684 302 omnibus
708 270 747 300 te
775 268 890 314 atque
910 262 1018 301 illam
1043 276 1184 314 amare,

73 369 155 408 Ubi
173 318 475 421 quffibgeasdtetlffi,
496 368 606 422 quasi
628 370 815 408 oolumbae
832 368 945 421 pulli,
965 369 1006 407 in
1024 382 1087 408 ore
1105 383 1187 409 am-

71 475 205 527 Usque
224 425 349 538 ἒζτίἳ
351 437 394 463 eo
389 490 475 516 meo
493 477 540 515 de
554 476 678 515 studio
693 476 818 515 studia
837 483 943 515 erant
961 484 1085 515 vostra
1103 490 1187 516 om-

230 542 306 568 ma.

67 582 202 634 Usque
230 583 478 622 adhaerebatis
494 597 505 621 :
536 582 639 634 quod
669 596 738 635 ego
758 584 961 633 jusseram,
985 583 1089 635 quod
1118 597 1184 622 vo-

229 637 390 683 lueram,
1131 640 1184 677 59

67 689 303 736 Faciebatis3
326 690 430 741 quod
447 690 623 729 nolebam
641 704 684 729 ac
703 697 910 738 vetueram,
931 691 978 728 de
995 690 1183 730 industria

68 742 303 793 Fugiebatis‚
324 756 448 795 neque
468 745 595 782 conari
612 744 651 782 id
670 745 791 783 facere
810 744 1006 782 audebatis
1024 745 1142 795 prius.

67 796 110 833 N
112 808 200 845 unc,
223 810 346 848 neque
358 797 452 848 quid
470 797 599 847 velim,
613 810 736 850 neque
748 797 882 845 nolim,
902 797 1024 836 facitis
1034 798 1180 849 magni,

227 864 428 902 pessumae.

74 905 208 943 Cleaer.
240 905 333 943 Non
358 912 401 942 tu
425 904 526 943 scis?
555 904 618 943 hic
639 910 764 943 noster
783 910 950 957 quaestus
972 906 1114 956 aucupi
1134 906 1186 944 si·

226 958 455 997 millimu’st.

66 1009 218 1062 Auceps
238 1012 392 1063 quando
410 1011 648 1050 concinnavit
666 1023 809 1058 aream,
826 1010 990 1049 offundit
1008 1011 1152 1050 cibum.

65 1065 167 1102 Aves
194 1073 425 1102 assuescunt.
475 1066 639 1103 Necesse
667 1072 721 1104 est
748 1064 868 1103 facere
895 1072 1082 1113 sumtum,
1112 1066 1180 1116 qui

224 1117 361 1169 quaerit
378 1117 541 1155 lucrum.
1124 1119 1174 1155 65

67 1171 175 1221 Saepe
195 1171 336 1209 edunt:
370 1171 487 1209 semel
510 1171 540 1209 si
565 1178 685 1222 captae
703 1177 805 1219 sunt,
829 1183 909 1209 rem
936 1171 1089 1210 solvunt
1109 1184 1180 1210 au·

226 1237 314 1275 cup1
331 1238 340 1261 ε

66 1278 209 1317 Itidem
236 1277 301 1316 hic
327 1277 432 1328 apud
450 1289 530 1315 nos.
575 1276 689 1316 AEdis
707 1277 815 1316 nobis
833 1290 919 1316 area
936 1278 1009 1324 'st3
1041 1290 1178 1329 auceps

224 1343 309 1370 sum
329 1343 398 1381 ego
414 1344 425 1375 ;
693 1332 695 1334 ’

64 1386 166 1424 Esca
185 1393 241 1423 est
258 1383 460 1430 meretrix3
489 1384 607 1422 lectus
625 1383 716 1422 illex
737 1392 806 1431 est,
824 1392 1010 1423 amatores
1028 1398 1138 1424 aves:

63 1438 172 1478 Bene
191 1437 391 1477 salutando
405 1445 667 1481 consuescunt,
680 1438 943 1489 compellando
954 1438 1156 1486 blanditer,

62 1491 296 1538 Osculando,
317 1491 485 1529 oratione
502 1490 674 1537 vinnula,
696 1491 909 1530 venustula.
1124 1493 1176 1537 70

61 1546 103 1584 Si
121 1545 307 1597 papillam
326 1544 581 1596 pertractavit,
597 1544 702 1582 haud
720 1547 834 1583 estab
845 1558 885 1583 re
903 1545 1075 1596 aucupis.

62 1599 221 1637 Savium
240 1599 271 1637 si
290 1599 440 1645 sumsit,
461 1610 609 1636 sumere
628 1611 716 1636 eum
735 1599 822 1636 licet
840 1598 921 1637 sine
938 1599 1093 1637 retibus.

63 1652 243 1691 Haeccine
262 1658 298 1689 te
316 1665 394 1690 esse
411 1651 589 1698 oblitum,
609 1652 649 1688 in
667 1652 760 1690 ludo
778 1651 845 1703 qui
862 1652 970 1690 fuisti
988 1652 1136 1690 tamdiu
1154 1655 1171 1692 ?

62 1707 218 1756 Argyr.
241 1706 330 1743 Tua
347 1705 419 1743 ista
438 1705 550 1756 culpa
564 1704 625 1753 ’st,
642 1718 728 1756 quae
744 1705 975 1756 discipulum
990 1705 1173 1744 semidoc-

221 1766 306 1796 tum
324 1760 392 1796 abs
411 1766 449 1796 te
467 1771 632 1796 amoves.

69 1813 202 1852 Cleaer.
232 1813 416 1850 Remeato
435 1811 624 1860 audacter,
643 1811 856 1850 mercedem
874 1812 907 1851 si
925 1811 997 1851 eris
1014 1820 1171 1851 nactus:

225 1877 328 1902 nunc
347 1865 422 1902 abi.
1119 1867 1171 1910 75

60 1919 216 1969 Argyr.
249 1918 383 1965 Mane,
409 1930 544 1956 mane:
567 1919 682 1957 audi!
714 1919 788 1968 dic,
815 1919 909 1971 quid
932 1932 995 1958 me
1019 1931 1175 1971 aequum

223 1984 349 2010 censes
366 1984 435 2022 pro
452 1971 521 2010 illa
538 1971 607 2010 tibi
625 1972 728 2020 dare,

63 2024 227 2064 Annum
244 2025 348 2064 hunc
365 2036 413 2062 ne
432 2037 520 2063 cum
538 2027 726 2077 quiquam
745 2026 819 2064 alio
837 2026 896 2064 sit.

552 2080 684 2118 Cleaer.
713 2080 821 2118 Tene
838 2082 856 2118 ’ἓ
885 2079 1021 2131 viginti
1038 2077 1172 2115 minas.

62 2132 194 2184 Atque
213 2133 258 2173 ea
276 2131 374 2184 lege,
394 2132 425 2171 si
440 2131 538 2171 alius
556 2131 604 2171 ad
623 2146 685 2172 me
700 2134 805 2186 prius
823 2132 1003 2179 attulerit,
1017 2139 1071 2220 ng
1079 2131 1177 2172 vale.

998 2197 1026 2222 H
