1412 2427
167 55 218 92 20
475 56 846 95 AMPHITRUO.
875 57 908 94 Ι.
945 56 979 92 l.

170 159 222 198 Et
240 160 346 211 ipsus
364 162 600 212 Amphitruo
619 163 856 202 obtruncavit
873 175 999 214 regem
1020 161 1210 200 Pterelam
1237 162 1276 200 in

330 213 471 264 proelio.

172 268 249 303 Sos.
279 266 445 316 Egomet
463 268 559 306 mihi
587 281 662 307 non
682 269 805 316 credo,
826 281 944 320 quom
963 268 1062 306 illaec
1080 276 1280 307 autumare

332 320 443 358 illum
462 322 586 360 audio.
1201 324 1280 359 260

173 372 249 410 Hic
265 373 417 424 quidem
439 385 549 422 certe,
566 389 652 427 quae
670 376 747 413 illic
766 383 854 414 sunt
872 388 929 413 res
947 382 1075 425 gestae,
1095 386 1282 413 memorat

333 429 559 466 memoriter.

175 479 251 517 Sed
281 479 375 530 quid
403 481 488 519 ais?
525 483 619 533 quid
646 482 924 534 Amphitruoni
957 494 979 518 a
1011 481 1188 520 Telebois
1215 481 1282 519 da-

334 540 418 571 tum
438 533 514 572 '1'st

175 587 302 623 sslcrc.
334 587 481 625 Pterela
512 602 578 627 rex
607 589 675 640 qui
703 588 862 639 potitare
891 586 1023 626 solitus
1055 594 1122 634 est,
1157 594 1285 637 patera

335 652 458 678 aurea.

176 693 255 730 Sos.
285 693 471 732 Elocutus
493 702 562 734 est.
619 695 698 733 Ubi
717 702 845 746 patera
863 705 965 731 nunc
985 695 1069 731 est?

923 748 1054 784 Alere.
1081 747 1130 784 In
1151 746 1288 784 cistul'ssa

177 799 473 850 Amphitruonis
491 801 688 852 obsignata
706 800 814 850 signo
826 798 885 837 ’st.

632 854 708 890 Sos.
741 852 864 903 signi,
885 852 958 899 dic,
978 853 1072 903 quid
1090 855 1178 892 est?
1208 853 1286 889 265

178 908 307 944 Mcrc.
330 907 431 945 Cum
446 906 638 958 quadrigis
654 907 708 944 sol
723 906 905 944 exoriens.
945 906 1054 952 Quid
1068 919 1130 944 me
1144 917 1287 957 capum,

336 961 514 998 carnufex
526 960 543 995 ?

180 1016 257 1050 Sos.
280 1013 434 1063 Argun
438 1014 533 1051 entis
548 1013 684 1051 vincit:
707 1013 812 1051 aliud
826 1025 963 1051 nomen
978 1012 1252 1064 quaerendum'
1255 1019 1290 1050 st

340 1067 446 1104 mihi.

182 1119 334 1165 Nescio,
369 1121 471 1158 unde
501 1120 582 1158 haec
612 1120 674 1158 hic
706 1119 898 1172 spectavit.
953 1120 1048 1158 Jam
1081 1133 1151 1171 ego
1185 1119 1290 1158 hunc

342 1173 525 1224 decipiam
548 1175 687 1224 probe:

184 1226 302 1271 Nam,
331 1227 434 1292 qffloq
457 1234 606 1277 egomet
627 1228 728 1266 solus
752 1227 838 1275 feci,
866 1239 936 1266 nec
963 1226 1168 1278 quisquam
1196 1226 1294 1265 alius

183 1333 229 1370 In
259 1288 513 1422 ιαϋεὲἕέἑῶο,
542 1334 582 1371 id
609 1335 764 1386 quidem
793 1335 905 1373 hodie
932 1347 1131 1385 nunquam
1154 1333 1293 1424 potgrig

382 1399 462 1423 cere
1243 1403 1256 1430 t

182 1439 224 1476 Si
244 1446 285 1475 tu
304 1439 410 1477 Sosia
429 1452 480 1487 es,
503 1440 669 1489 legiones
689 1454 807 1492 quom
826 1442 1050 1492 pugnabant
1066 1452 1264 1500 maxume,

183 1491 320 1537 Quid'
309 1503 348 1528 m
367 1493 608 1530 tabernaculo
626 1494 776 1532 fecisti?
806 1494 927 1532 victus
945 1506 1045 1539 sum,
1068 1492 1099 1530 si
1116 1493 1271 1530 dixeris.

184 1546 316 1582 Mero.
343 1544 472 1583 Cadus
490 1552 568 1583 erat
587 1546 688 1584 vini:
719 1547 808 1585 inde
825 1547 982 1597 implevi
998 1547 1182 1584 hirneam.

826 1602 901 1638 Sos.
932 1601 1123 1651 Ingroesu'
1126 1607 1159 1637 st
1177 1600 1290 1638 viam.

185 1652 314 1688 Alere.
340 1651 442 1689 Eam
461 1665 543 1703 ego,
573 1660 617 1691 ut
634 1660 755 1692 matre
772 1654 896 1692 fuerat
913 1662 1062 1701 natum,
1082 1653 1161 1691 vini
1179 1653 1294 1694 eduxi

344 1717 451 1743 men.

185 1761 266 1796 Sos.
297 1758 401 1796 Mira
430 1767 532 1808 sunt,
563 1760 637 1798 nisi
662 1760 774 1799 latuit
800 1762 902 1799 intus
928 1761 1007 1798 illic
1034 1761 1073 1798 in
1099 1760 1188 1798 illac
1214 1761 1296 1798 hir-

345 1811 430 1850 neit.
1216 1815 1295 1859 275

186 1865 350 1903 Factum
370 1865 418 1903 ’st
432 1866 546 1926 illud,
571 1875 616 1905 ut
633 1881 703 1919 ego
721 1868 799 1907 illic
817 1868 897 1905 vini
921 1868 1094 1906 hirneam
1113 1867 1295 1906 ebiberim

348 1931 455 1956 men.

188 1973 319 2010 Merc.
347 1971 456 2064 (SQuid
474 1985 576 2049 moine
591 1977 608 2013 t>
634 1974 782 2014 vincon'
800 1975 1048 2026 argumentis,
1067 1982 1105 2013 te
1122 1986 1199 2012 non
1219 1987 1298 2013 aese

376 2038 494 2064 oslam
507 2055 516 2063 .

185 2082 265 2117 Sos.
297 2079 361 2117 Tu
380 2091 495 2130 negas
513 2082 602 2119 med
621 2082 723 2121 esse?

319 2134 448 2170 Merc.
475 2134 583 2181 Quid
602 2149 671 2185 ego
690 2136 729 2173 ni
749 2149 897 2187 negem,
919 2135 986 2187 qui
1004 2143 1152 2188 egomet
1170 2136 1262 2175 siem
1277 2136 1297 2181 2
