1412 2427
231 66 305 105 194
521 63 860 104 BACCHIDES.
889 63 963 102 IV.
991 64 1031 101 3.

233 169 483 218 Incredibilis,
512 171 711 222 imposque
739 169 873 219 animi,
902 169 1132 217 inamabilis,
1164 168 1341 221 illepidus

392 223 491 271 vivo,
1311 224 1339 261 3

232 276 490 316 Malevolente
517 277 668 328 ingenio
692 284 816 315 natus.
856 276 1054 314 Postremo
1076 275 1116 314 id
1143 275 1240 314 mihi
1268 283 1338 325 est,

418 331 494 368 uod
513 331 600 368 nolo

231 384 319 435 Ego
350 343 427 421 esge
455 384 550 422 aliis.
593 383 781 423 Credibile
809 383 881 421 hoc
909 384 996 421 est?
1026 382 1201 434 Nequior
1228 394 1342 421 nemo

392 444 459 485 est,
480 450 602 488 neque
620 436 824 486 indignior,
1314 437 1340 472 5

232 489 338 537 Quoi
356 489 425 527 Dii
442 490 690 537 benefaciant,
714 501 837 540 neque
856 501 972 540 quem
997 489 1200 540 quisquam
1225 489 1341 528 homo

393 550 459 580 aut
477 552 591 591 amet,
612 550 679 581 aut
696 542 816 580 adeat.

235 595 416 634 Inimicos
439 609 556 647 quam
580 596 718 634 amicos
742 595 918 647 aequiu'st
942 607 1005 633 me
1027 595 1193 634 habere.
1181 609 1192 619 ·
1222 594 1344 634 malos

395 662 512 700 quam
530 651 649 687 bonos

237 702 313 740 Par
331 703 454 753 magis
479 715 541 740 me
561 704 706 751 juvare·
750 701 946 741 Omnibus
971 701 1132 752 probris,
1161 715 1247 753 quae
1271 701 1346 740 irn-

394 755 521 806 probis
542 756 630 793 viris

236 808 368 859 Digna
386 817 490 855 sunt,
505 809 654 859 dignior
664 808 788 846 nullu'
792 816 825 846 st
840 808 980 845 homo·
968 836 980 852 ‚
1008 808 1076 859 qui
1089 808 1186 859 patri
1200 807 1349 846 reddidi

236 862 367 901 Omne
385 874 521 899 aurum
540 874 687 907 amans,
708 861 811 912 quod
833 861 907 899 fuit
929 873 1008 911 prae
1031 873 1162 900 manu.
1202 862 1350 900 Sumne

395 927 467 964 ego
485 915 600 952 homo
618 915 730 952 miser
743 915 760 950 ἲ
1296 915 1346 952 10

236 968 391 1006 Perdidi
410 981 484 1015 me,
506 975 620 1018 atque
637 980 789 1018 operam
811 967 1003 1017 Chrysali.

238 1023 343 1060 Pisi.
371 1020 632 1059 Consolandus
651 1021 713 1058 hic
730 1020 827 1058 mihi
845 1028 923 1058 est:
953 1020 1016 1058 ibo
1033 1020 1082 1058 ad
1100 1033 1203 1060 eum·
1230 1021 1350 1060 Mne-

398 1074 552 1121 siloche,
573 1073 666 1125 quid
686 1074 729 1111 fit
747 1076 764 1112 ἓ

772 1128 831 1164 M
830 1140 905 1165 nes.
939 1127 1045 1166 Perii
1061 1127 1071 1165 !

239 1182 344 1219 Pisi.
377 1181 446 1219 Dii
465 1180 602 1218 melius
621 1179 773 1217 faciant.

507 1235 565 1271 M
565 1246 639 1271 nes.
670 1234 797 1271 Perii!

621 1288 726 1325 Pist.
757 1288 797 1325 N
799 1298 848 1324 011
868 1294 980 1336 taces,
997 1287 1207 1338 insipiens?

989 1342 1124 1379 Mnes.
1147 1341 1337 1380 Taceam.
1328 1344 1347 1370 ⁹

240 1397 347 1433 Pist.
376 1395 500 1433 Sanus
519 1394 608 1432 satis
626 1406 702 1430 non
722 1407 773 1432 es.

450 1447 738 1485 Mnes.Pe1-ii·
768 1447 892 1485 multa
908 1447 1012 1485 mala
1030 1447 1156 1484 mihi
1145 1460 1190 1485 m-
1203 1455 1353 1500 pectore

239 1502 356 1540 Nunc
388 1501 486 1539 acria
515 1509 630 1552 atque
659 1502 792 1538 acerba
821 1500 1011 1539 eveniunt.
1055 1500 1259 1539 Criminin’
1289 1515 1354 1541 me

397 1554 574 1592 habuisse
592 1552 707 1590 fidem
719 1552 738 1590 ἲ
1303 1556 1352 1594 15

242 1607 441 1646 Immerito
459 1607 530 1645 tibi
547 1607 666 1644 iratus
685 1606 754 1644 fui.

624 1660 730 1697 Pist.
756 1659 856 1697 Eia!
887 1661 1032 1698 bonum
1049 1661 1148 1699 habe
1165 1662 1353 1703 animum.

238 1715 298 1751 M
297 1726 375 1752 nes.
411 1712 526 1751 Unde
554 1712 748 1751 habeam?
792 1713 975 1751 Mortuus
1006 1713 1128 1764 pluris
1163 1717 1263 1767 preti
1288 1717 1351 1767 ’st,

401 1778 519 1817 quam
538 1777 609 1816 ego
628 1776 727 1804 sum.

724 1822 828 1858 Pist.
858 1819 999 1858 Militis

161 1878 167 1888 ·
241 1872 434 1911 Parasitus
465 1871 579 1910 modo
607 1880 759 1912 venerat
789 1886 926 1912 aurum
953 1881 1104 1925 petere:
1145 1873 1236 1914 hinc
1264 1889 1353 1915 eum

242 1980 366 2019 Dictis
384 1939 749 2040 Delgssg'mleslsforibus
774 1988 889 2032 atque
910 1980 983 2019 hac
1000 1980 1137 2033 repuli,
1156 1981 1267 2032 rejeci
1284 1982 1356 2022 ho-

246 2089 380 2126 Mnes.
405 2045 630 2134 ffifflmffinfi
647 2086 688 2124 id
705 2087 887 2138 prodest?
915 2087 1010 2139 quid
1034 2087 1171 2128 faciam
1185 2091 1203 2128 Ρ
1242 2090 1357 2128 Nihil

403 2141 525 2179 habeo
542 2140 669 2179 miser.
710 2141 783 2179 Ille
802 2141 957 2193 quidem
1303 2145 1358 2182 20
