1412 2427
380 72 470 110 AM
476 72 754 112 PHITRUO.
783 73 835 112 V.
869 73 903 111 1.
1153 71 1206 110 63

405 173 554 223 Amph.
583 171 719 211 Interii
734 174 745 211 ἔ

513 227 652 263 Brom.
684 226 789 265 Cedo
806 238 985 264 manum.

167 329 171 330 ⁷
684 280 830 330 Amph.
861 280 962 329 Quis
976 293 1039 318 me
1057 288 1160 319 tenet
1179 284 1198 320 ¹?

92 337 234 374 Brom.
264 335 354 374 Tua
372 334 532 373 Bromia
549 335 698 372 ancilla.

446 390 594 438 Amph.
620 389 746 426 Totus
764 386 880 426 timeo
895 400 908 433 3
929 386 984 425 ita
1000 399 1064 425 me
1082 386 1203 426 incre-

521 442 607 493 puit
624 441 792 492 Jupiter.
1147 443 1199 478 25

82 495 171 535 Nec
189 507 296 534 secus
315 503 385 543 est,
405 509 523 548 quam
543 496 574 534 si
596 497 645 534 ab
669 494 888 534 Acherunte
905 494 1072 534 venjam.
1125 494 1202 533 Sed

244 549 339 601 quid
357 556 401 587 tu
418 550 518 589 foras

84 603 251 654 Egressa
268 602 334 641 ω’.)

279 658 419 694 Brom.
450 656 600 695 Eadem
617 668 688 695 nos
705 655 869 695 formido
890 655 1044 694 timidas
1061 661 1201 693 terrore

363 709 418 747 im
448 710 543 748 ulit:

81 763 134 802 In
163 762 325 810 aedibus,
354 723 494 802 ubiptu
523 764 688 812 habitas,
723 763 843 802 nimia
867 763 969 802 mira
997 762 1088 802 vidi.
1127 761 1200 801 Vae

240 816 353 863 m1h1,

79 870 345 922 Amphitruo!
376 870 430 908 ita
447 871 544 910 mihi
562 871 713 910 animus
732 870 846 910 etiam
864 883 966 910 nunc
985 872 1104 908 abest.

648 926 796 975 Amph.
824 924 1023 975 Agedum,
1044 921 1195 975 expedi.

54 1000 56 1002 -
79 976 196 1016 Sci’n’
214 990 278 1016 me
295 984 407 1015 tuum
426 991 505 1017 ωδε
521 978 660 1017 herum
677 978 1004 1030 Amphitruonem
1016 977 1035 1014 ’ἒ

192 1033 334 1069 Brom.
363 1032 462 1070 Scio.

342 1086 492 1135 Amph.
519 1084 676 1124 Vide’n‘
698 1085 813 1124 etiam
832 1097 936 1124 nunc
948 1085 967 1122 :³

846 1141 986 1176 Brom.
1014 1137 1112 1176 Scio.
1139 1138 1193 1175 30

78 1191 225 1240 Amph.
255 1190 352 1229 Haec
371 1191 451 1228 sola
469 1203 600 1232 sanam
618 1199 786 1230 mentem
805 1199 927 1242 gestat
944 1203 1119 1230 meorum
1136 1191 1197 1229 fa-

301 1244 523 1282 miliarium.

75 1299 215 1336 Brom.
244 1298 374 1336 Immo
392 1310 524 1336 omnoe
542 1296 623 1335 sani
642 1305 730 1336 sunt
747 1297 927 1349 profecto.

452 1352 599 1401 Amph.
628 1352 688 1389 At
704 1364 768 1390 me
786 1364 883 1390 uxor
899 1351 1081 1389 insanum
1099 1350 1190 1390 facit

75 1404 165 1443 Suis
183 1404 292 1443 foedis
310 1403 430 1442 factis.

420 1460 559 1496 Brom.
591 1457 646 1496 At
673 1471 743 1510 ego
764 1458 916 1506 faciam,
946 1465 989 1496 tu
1014 1457 1118 1496 idem
1145 1464 1191 1494 ut

586 1513 695 1550 aliter
721 1512 916 1562 praediceS,

69 1562 321 1616 Amphitruo,
342 1564 448 1617 piam
471 1572 507 1603 et
529 1565 708 1617 pudicam
728 1578 811 1604 esse
833 1572 941 1603 tuam
964 1578 1123 1604 uxorem
1146 1577 1192 1608 ut

232 1631 338 1657 selas,

69 1669 133 1709 De
157 1669 200 1710 ei
225 1685 266 1710 re
290 1673 398 1723 signa
427 1679 542 1724 atque
563 1680 789 1724 argumenta
810 1673 942 1724 paucis
965 1674 1089 1713 verbis
1112 1677 1190 1714 elo-

229 1738 337 1776 quar.
1132 1731 1185 1768 35

69 1776 262 1816 Omnium
278 1779 450 1829 primum
472 1779 683 1818 Alcumena
700 1779 873 1831 geminos
891 1781 1038 1832 peperit
1056 1781 1166 1822 filios.

67 1831 215 1882 Amph.
243 1832 355 1869 Ai'n'
374 1833 447 1871 tu?
475 1833 645 1884 geminos
662 1836 679 1871 ?

336 1888 473 1924 Brom.
502 1887 697 1925 Geminos.

515 1941 663 1990 Amph.
690 1940 761 1979 Dii
778 1953 841 1979 me
859 1949 1021 1980 servant.

694 1996 834 2032 Brom.
858 1995 949 2033 Sine
966 2008 1029 2034 me
1048 1996 1185 2045 dicere,

64 2044 122 2083 Ut
136 2045 231 2084 scias
246 2046 315 2085 tibi
329 2054 482 2098 tuaeque
494 2047 607 2087 uxori
618 2047 724 2087 Deos
739 2060 819 2088 oese
829 2049 977 2088 omneis
990 2050 1185 2101 propitios.

62 2098 210 2149 Amph.
239 2100 431 2151 Loquere.
