1412 2427
177 37 254 74 248
482 33 812 73 CAPTEIVEI.
840 35 924 74 ΙΙΙ.
952 37 990 75 4.

183 142 238 181 Et
266 141 421 193 quidem
450 141 643 187 Alcmaeo,
673 148 787 192 atque
817 141 986 189 Oraetoe,
1023 148 1061 179 et
1094 141 1297 192 Lycurgus

345 202 486 246 postea,
1244 195 1297 232 30

188 248 279 288 Una
296 247 410 300 opera
426 247 522 286 mihi
541 254 631 286 sunt
649 246 808 295 sodales,
828 248 906 299 qu&
923 249 1005 286 iste.

756 303 884 340 Arist.
903 303 961 340 At
979 300 1110 349 etiam,
1129 299 1299 349 furcifer,

189 355 299 394 Male
316 354 411 393 mihi
429 355 536 407 loqui
553 355 668 393 audes
681 357 699 392 Ρ
728 366 804 392 non
823 367 892 405 ego
911 362 947 392 te
966 354 1054 392 novi
1068 357 1086 392 i>

599 409 708 457 Heg.
728 407 814 453 Pol,
834 408 994 458 planum
1013 407 1053 445 id
1071 406 1224 458 quidem
1244 413 1300 445 est

191 462 282 501 Non
318 461 477 509 novisse,
509 460 575 512 qui
608 461 734 499 istunc
764 461 930 511 appelles
967 459 1196 512 Tyndarum
1232 472 1301 511 pro

352 515 580 552 Philocrate.

191 567 321 616 Quem
334 567 452 616 vides,
469 579 558 606 eum
569 567 719 618 ignoras
731 580 744 605 :
764 566 876 605 inum
890 566 1080 616 nominas,
1096 579 1211 618 quem
1226 578 1303 604 non

350 621 466 660 vides.

194 676 323 713 Arist.
341 674 483 721 Immo,
503 675 571 712 iste
585 686 674 712 eum
690 685 768 712 soee
785 672 852 721 ait,
869 673 935 724 qui
953 685 1028 712 non
1044 680 1113 721 est,
1127 685 1231 711 esse:
1254 680 1306 719 et,

353 727 420 778 qui
439 740 524 766 vero
544 734 613 774 «m,
635 733 759 777 negat.
1253 727 1305 763 35

202 782 327 833 Tynd.
353 781 418 818 Tu
444 781 546 819 enim
576 788 758 832 repertuS‚
784 779 1039 818 Philocratem
1061 779 1129 832 qui
1156 792 1307 830 superes

355 834 585 873 veriverbio!

197 890 327 926 Arist.
358 887 444 931 Pol,
479 900 549 937 ego
580 893 625 925 ut
654 899 734 924 rem
764 885 887 935 video,
918 893 961 924 tu
997 885 1187 934 inventus,
1222 885 1310 923 vera

355 940 576 978 vanitudine

199 994 278 1042 Qui
304 993 514 1032 convincas.
571 992 646 1032 Sed
672 1005 799 1044 quaeso
819 990 1007 1044 (hercle),
1035 991 1215 1044 agedum,
1243 991 1310 1030 ad-

358 1046 458 1098 spice
476 1046 524 1085 ad
542 1059 616 1085 me.

634 1099 760 1150 Tynd.
781 1099 912 1138 Hem!

941 1153 1071 1191 Arist.
1089 1151 1166 1190 Dic
1182 1152 1311 1202 modo,

201 1208 263 1246 Te
281 1219 399 1258 negas
421 1205 649 1257 Tyndarum
670 1219 748 1245 asse
762 1209 780 1245 ?
1304 1204 1306 1206 ’

464 1260 590 1309 Tynd.
611 1259 651 1297 N
654 1272 738 1310 eg0,
760 1259 933 1311 inquam.

627 1314 757 1352 Arist.
779 1311 885 1352 'run’
904 1320 943 1352 te
960 1311 1216 1351 Philocratem
1235 1325 1315 1352 esse

732 1365 787 1404 ais
801 1365 816 1404 ἓ

210 1421 339 1473 Tynd.
357 1420 458 1471 Ego,
479 1419 651 1470 inquam.

416 1474 544 1511 Arist.
567 1473 682 1511 Tune
699 1471 789 1510 huic
807 1471 926 1511 credis
939 1475 958 1511 ἲ

578 1527 686 1575 Heg.
706 1526 801 1563 Plus
819 1525 987 1576 quidem,
1007 1537 1126 1577 quam
1144 1525 1229 1573 tibi,
1248 1533 1318 1564 aut

205 1635 311 1674 Nam
325 1634 390 1672 ille
404 1633 573 1685 quidem,
590 1645 704 1684 quem
724 1639 768 1670 tu
781 1631 885 1670 hunc
898 1643 1086 1671 memoras
1099 1643 1193 1680 esse,
1204 1631 1318 1670 hodie

361 1687 452 1725 hinc
469 1686 563 1725 abiit
579 1685 739 1725 Alidem

204 1741 272 1780 Ad
290 1750 438 1792 patrem
456 1740 585 1789 hujus.

364 1794 492 1831 Arist.
513 1792 641 1841 Quem
660 1798 822 1843 patrem,
842 1790 910 1842 qui
929 1803 1056 1830 servus
1073 1792 1159 1831 est?

884 1845 1011 1893 Tynd.
1027 1845 1082 1884 Et
1101 1853 1143 1884 tu
1162 1844 1317 1896 quidem

205 1903 343 1941 Servus
362 1907 399 1939 et
415 1900 510 1938 liber
523 1899 642 1946 fuisti,
663 1905 700 1938 et
718 1912 789 1950 ego
806 1911 870 1936 me
887 1897 1035 1936 confido
1052 1899 1146 1946 fore,

204 1955 248 1994 Si
264 1955 380 2003 hujus
396 1953 473 1991 huc
489 1953 746 1992 reconciliasso
765 1952 804 1990 in
822 1951 1035 1990 libertatem
1052 1952 1190 1991 filium.
1240 1984 1244 1987 ,

206 2010 334 2047 Arist.
364 2007 472 2054 Quid
498 2007 566 2054 ais,
588 2006 740 2045 furcifer
757 2008 776 2044 Ρ
805 2006 888 2044 tun’
907 2012 944 2043 te
967 2012 1102 2044 natum
1129 2016 1318 2044 memoms

368 2060 532 2099 liberum
546 2063 563 2099 ἓ
1265 2058 1316 2094 45
