1412 2427
195 62 268 105 174
496 56 684 96 BACCH
693 56 832 96 [DES.
863 58 920 96 11.
948 59 985 96 2.

469 215 652 253 ACTUS
671 215 729 252 ΙΙ.
783 215 965 254 SCENA
989 217 1020 253 Ι.

590 317 882 356 CHRYSALUS.

188 423 328 460 Herilis
347 423 480 473 patria,
498 423 596 460 salve
615 423 623 460 !
655 435 771 474 quam
791 436 860 473 ego
879 422 1043 467 biennio,

187 475 392 525 Postquam
413 476 499 513 hinc
518 476 556 512 in
576 476 773 526 Ephesum
794 476 882 519 abii,
903 473 1091 524 conspicio
1109 475 1255 513 lubens.

184 529 317 567 saluto
336 537 384 574 te,
405 529 524 566 vicine
543 529 700 579 Apollo,
721 529 788 578 qui
807 529 949 565 aedibus

186 581 428 631 Propinquus
447 582 579 619 nostris
597 582 729 619 accolis
745 595 756 625 ς
788 593 1014 631 venerorque
1033 588 1082 627 te,

184 635 245 671 Ne
267 634 498 672 Nicobulum
517 647 578 672 me
595 635 706 680 sinas,
726 642 898 671 nostrum
917 646 1058 681 senem,
1259 636 1281 670 5

184 687 291 724 Prius
309 688 519 734 convenire,
539 700 655 738 quam
675 687 840 724 sodalem
860 687 1014 724 viderim

184 739 408 777 Mnesilochi
429 740 687 782 Pistoclerum,
707 753 820 790 quem
839 739 886 777 ad
905 739 1098 789 epistolam

185 792 446 832 Mnesilochus
464 793 567 831 misit
585 806 696 844 super
714 793 836 831 amicit
855 792 1055 831 Bacchide.

442 951 626 991 ACTUS
647 952 706 990 ΙΙ.
761 951 944 990 SCENA
967 952 1024 989 ΙΙ.

410 1057 736 1096 PlsTOCLEnUS.
766 1057 1056 1096 CHRYSALUS.

181 1165 282 1200 Pisi.
311 1162 460 1200 Mirum
492 1164 553 1211 'st,
586 1176 663 1212 me,
695 1172 739 1202 ut
770 1164 933 1212 redeam,
967 1171 1004 1202 te
1031 1177 1142 1216 opere
1174 1171 1278 1202 tanto

331 1228 509 1266 quaesere,

176 1268 258 1316 Qui
276 1269 377 1306 abire
394 1269 482 1306 hinc
501 1270 608 1307 nullo
625 1278 736 1320 pacto
754 1271 908 1322 possim,
927 1271 957 1308 si
976 1271 1089 1309 velim
1105 1285 1116 1308 z

178 1321 239 1359 Ita
257 1335 318 1359 me
337 1321 517 1360 vadatum
536 1335 663 1360 amore
682 1324 926 1374 vinctumque
946 1324 1091 1362 attines.

177 1376 272 1412 Chr,
294 1375 370 1412 Pro
388 1375 455 1412 Dii
473 1376 704 1415 immortales
719 1377 728 1414 !
761 1377 1009 1416 Pistoclerum
1027 1376 1228 1428 conspicor.

175 1426 210 1465 O
232 1427 446 1476 Pistoclere,
466 1429 593 1466 salve!

608 1483 712 1519 Pist.
733 1483 858 1529 Salve,
879 1483 1060 1533 Chrysale
1077 1484 1086 1520 !
1249 1485 1274 1520 5

178 1534 273 1571 Chr.
294 1534 510 1584 Compendi
528 1536 641 1572 verba
660 1535 781 1572 multa
795 1537 876 1584 jam
894 1535 1031 1573 faciam
1051 1536 1130 1574 tibi.

172 1586 314 1624 Venire
333 1595 374 1623 tu
393 1599 455 1624 me
473 1586 640 1636 gaudes;
667 1601 737 1638 ego
755 1587 863 1626 credo
880 1588 961 1627 tibi.

171 1639 394 1690 Hospitium
413 1647 450 1676 et
467 1652 609 1677 coenam
629 1641 817 1690 pollicere,
837 1649 881 1679 ut
900 1643 1072 1680 convenit

171 1692 331 1742 Peregre
349 1692 584 1731 advenienti:
615 1706 684 1744 ego
701 1704 829 1732 autem
849 1702 1050 1733 venturum
1069 1707 1207 1734 annuo.

168 1745 338 1783 Salutem
357 1744 426 1783 tibi
444 1747 491 1783 ab
510 1746 628 1783 sodali
646 1746 803 1785 solidam
822 1748 967 1786 nuntio.
1223 1749 1272 1786 10

170 1797 338 1848 Rogabis
355 1811 430 1847 me,
450 1799 517 1837 ubi
536 1798 611 1837 sit?

555 1854 659 1891 Pist.
678 1853 848 1901 Vivitne,
868 1861 905 1892 et
922 1862 1020 1893 recte
1038 1854 1164 1894 valet?

172 1905 267 1942 Chr.
288 1904 394 1943 Istuc
412 1905 584 1944 volebam
606 1913 674 1957 ego
693 1919 740 1944 ex
760 1914 795 1945 te
813 1908 1072 1958 percontarier.

168 1959 272 1997 Pist.
290 1958 373 2007 Qui
391 1959 483 1998 scire
500 1962 686 2008 possum?

491 2014 585 2051 Chr.
605 2013 750 2051 Nullus
768 2014 867 2065 plus.

652 2068 756 2105 Pist.
778 2067 999 2115 Quemnam
1017 2068 1065 2107 ad
1083 2066 1267 2111 modum?
