1412 2427
419 69 794 108 AMPHITRUO.
824 69 857 106 Ι.
892 70 926 106 1.
1170 68 1218 105 21

110 181 187 217 Sos.
218 177 293 216 Per
309 177 451 216 Jovem
475 179 577 227 juro,
606 175 695 214 med
723 188 815 222 esse,
844 187 968 226 neque
996 187 1058 213 me
1081 175 1222 213 falsum

268 231 401 269 dicere.

107 287 235 323 illcrc.
263 285 323 322 At
340 297 410 335 ego
426 297 494 335 per
512 283 752 322 Mercurium
776 283 879 332 juro,
899 282 970 331 tibi
987 281 1016 320 J
1018 295 1126 320 ovem
1146 294 1223 319 non

267 338 439 376 credere:
1143 336 1222 372 280

108 392 214 430 Nam
239 392 405 441 injurato
422 389 539 443 (scio)
563 391 651 442 plus
670 390 795 428 credet
819 390 930 439 mihi,
951 401 1068 441 quam
1095 389 1223 438 jurato

265 445 347 483 tibi.

109 500 186 536 80³.
216 498 317 546 Quis
345 512 414 550 ego
441 512 528 537 sum
557 498 707 545 saltem,
737 498 769 535 si
798 510 875 535 non
903 510 989 535 sum
1019 495 1153 534 Sosia?
1186 502 1223 532 te

269 553 470 603 interrogo.

109 608 240 644 Alere.
270 607 350 645 Ubi
369 619 439 657 ego
458 605 564 645 Sosia
582 605 701 643 nolim
721 618 813 650 esse,
834 612 876 642 tu
897 613 975 643 &sto
994 615 1083 642 sane
1101 602 1220 641 Sosia.

108 661 241 705 Nunc,
275 661 429 711 quando
459 672 529 710 ego
558 672 658 707 sum,
688 657 903 710 vapulabis,
934 657 975 695 ni
1002 657 1092 695 hinc
1123 657 1220 704 abis,

267 713 458 764 ignobilis.

110 768 186 806 Sos.
221 767 332 806 Certe
353 767 527 818 (edepol)
549 778 668 818 quom
694 766 808 804 illum
832 765 1062 818 contemplo,
1091 773 1128 803 et
1146 764 1222 802 for-

264 833 370 859 mam
389 833 571 872 cognosco
588 832 731 865 meam,
1145 819 1223 855 285

107 873 450 922 Quemadmodum
465 887 534 925 ego
546 887 645 925 saepe
659 873 700 911 in
714 874 914 925 speculum
927 872 1091 925 inspexi,
1107 872 1223 910 nimis

265 927 430 966 simili’st
448 928 538 966 mei.

91 980 94 982 ’
107 981 250 1020 Itidem
262 981 378 1019 habet
389 990 580 1032 petasum,
595 993 640 1019 ac
654 981 832 1019 voetitum
847 995 857 1018 ι
880 987 957 1018 tam
974 979 1163 1018 consimili
1175 979 1223 1017 'st

267 1043 382 1086 atque
399 1048 483 1085 ego.

108 1090 219 1135 Sura,
239 1101 320 1138 pae,
342 1097 499 1136 statura,
519 1096 666 1136 tonsus,
685 1088 795 1132 oculi,
817 1099 969 1132 nasum,
991 1086 1051 1124 vel
1069 1086 1189 1132 labra,

108 1141 242 1189 Malae,
262 1149 451 1189 mentum,
471 1143 603 1190 barba,
623 1141 767 1180 collum
783 1154 795 1185 ς
826 1148 929 1179 totus
945 1140 954 1177 l
986 1139 1081 1191 quid
1098 1139 1221 1178 verbis

105 1248 148 1288 Si
179 1207 343 1308 tagii-iii1
360 1195 636 1296 {idaei-imum,
666 1247 764 1285 nihil
790 1247 863 1286 hoc
890 1245 1006 1285 simili
1033 1254 1088 1284 aet
1114 1246 1220 1284 simi-

108 1355 198 1404 Sed,
228 1301 353 1407 qtfflig·
376 1355 515 1405 cogito‚
544 1354 723 1405 equidem
753 1361 852 1392 certo
881 1354 984 1392 idem
1021 1366 1122 1403 sum,
1142 1301 1223 1405 {913

267 1421 415 1460 semper
432 1408 502 1446 fui.

108 1462 211 1501 Novi
239 1462 399 1523 herum:
437 1462 526 1500 novi
555 1460 670 1499 aedeis
698 1469 859 1499 nostras.
916 1461 1017 1500 Sane
1046 1460 1153 1512 sapio
1185 1467 1223 1498 et

106 1570 199 1608 Non
233 1524 397 1661 egzgnilz'·
424 1570 656 1621 obtempero,
691 1568 795 1620 quod
825 1568 1022 1621 loquitur3
1062 1567 1222 1618 pultabo

283 1636 391 1662 oreis·

109 1679 239 1716 Mere.
269 1677 361 1725 Quo
379 1677 460 1728 agis
476 1684 513 1716 te
524 1677 542 1714 Ρ

288 1733 366 1770 Sos.
388 1731 575 1769 Domum.

322 1786 452 1822 Mero.
481 1784 699 1835 Quadrigas
718 1784 749 1822 si
768 1797 871 1823 nunc
888 1783 1083 1822 inscendas
1101 1784 1223 1830 Jovis,

108 1839 243 1890 Atque
260 1838 349 1876 hinc
367 1838 506 1888 fugias,
534 1838 589 1876 ita
612 1839 676 1876 vix
704 1839 843 1889 poteris
868 1838 1034 1889 effugere
1061 1837 1224 1876 infortu-

296 1892 304 1899 ’
377 1917 388 1928 .
1145 1893 1170 1928 2
1204 1894 1220 1902 '⁷

110 1947 193 1985 Sos.
221 1905 373 1984 Ngsstp
388 1944 489 1983 herae
514 1957 610 1984 meae
636 1946 826 1994 nuntiare,
853 1945 955 1997 quod
973 1945 1088 1983 herus
1117 1893 1225 1982 mezi}

265 1999 394 2048 jussit,
413 1998 526 2037 licet?

113 2054 244 2091 Mero.
269 2053 388 2145 ἔξω,
421 2052 454 2090 si
483 2051 576 2103 quid
604 2053 661 2092 vis
691 2053 889 2092 nuntiare:
929 2053 1029 2091 hanc
1056 2059 1225 2090 nostram

353 2119 373 2145 e
390 2118 464 2144 non
484 2118 618 2145 smam.
