1412 2427
389 57 794 98 CISTELLARIA.
824 57 862 97 Ι.
885 57 927 96 3.
1134 57 1211 100 327

363 216 547 256 ACTUS
574 217 615 257 Ι.
669 215 854 256 SCENA
881 215 966 253 ΙΙΙ.

525 324 797 363 Auxuma.

112 429 331 482 Utrumque
344 430 425 469 haec
443 439 479 470 et
497 432 728 483 multiloqua
745 437 782 468 et
798 428 1002 468 multibiba
1020 434 1075 466 est
1093 439 1200 466 anus.

107 482 255 522 Sati'ne
273 484 339 522 vix
356 485 508 536 reliquit
528 485 623 530 Deo,
643 483 746 536 quod
761 484 991 534 loqueretur,
1010 481 1082 519 loci
1100 484 1117 519 ?

110 538 174 575 Ita
190 538 404 588 properavit
421 539 468 577 de
485 539 624 590 puellae
640 538 818 599 proloqui

108 591 401 641 Suppositione:
432 592 535 643 quod
553 592 585 629 si
603 591 792 638 tacuisset,
814 598 942 629 tamen

107 644 196 694 Ego
214 657 317 682 eram
331 644 501 683 dicturus
519 645 640 691 Deus,
660 644 728 696 qui
741 652 910 694 poteram
928 642 1106 693 planius·
1189 643 1215 679 5

108 697 216 735 Nam
233 698 292 735 mi
306 705 361 736 est
378 699 542 737 Auxilio
554 710 707 736 nomen.
753 698 870 736 Nune
889 709 1043 749 operam
1062 695 1163 745 date,

107 751 166 789 Ut
184 763 254 801 ego
272 760 541 802 argumentum
555 752 627 789 hoc
645 751 750 790 vobis
768 752 880 803 plane
897 758 1110 802 perputem.

108 803 235 842 Fuere
251 805 404 866 Sicyoni
414 805 564 855 jamdiu
584 804 781 856 Dionysia.

109 857 303 896 Mercator
319 859 422 897 venit
439 859 515 896 huc
533 858 581 896 ad
599 858 709 896 ludos
728 857 928 905 Lemnius,

110 911 227 962 Isque
244 912 308 950 hic
327 912 546 963 compressit
563 911 748 962 virginem
766 910 1079 958 adoloeoenurlus‚
1170 909 1220 948 10

109 964 165 1003 Vi
183 965 415 1012 vinulentus,
435 965 558 1003 multa
572 973 694 1011 nocte,
713 965 754 1002 in
773 965 848 1003 via.

112 1018 154 1056 Is
173 1018 241 1056 ubi
258 1019 401 1056 malam
419 1032 500 1057 rem
520 1019 588 1057 scit
607 1032 645 1057 se
662 1017 855 1065 meruisse,
875 1018 977 1056 illico

113 1071 282 1109 Pedibus
300 1072 518 1123 perfugium
536 1072 708 1124 peperit3
737 1072 778 1109 in
798 1072 991 1110 Lemnum
1011 1070 1175 1121 aufugit,

112 1125 193 1162 Ubi
210 1125 405 1163 habitabat
423 1134 520 1163 tum.
567 1126 656 1170 Illa,
672 1138 790 1176 quam
809 1132 1090 1176 compresserat,

112 1177 289 1216 Decumo
305 1187 390 1230 post
406 1191 537 1218 mense
554 1187 700 1225 exacte,
719 1179 784 1217 hic
801 1179 948 1229 peperit
965 1178 1096 1216 filiam.
1172 1177 1220 1214 15

115 1231 311 1279 Quoniam
330 1245 438 1270 reum
457 1234 539 1282 ejus
556 1232 646 1270 facti
664 1231 782 1270 naecit
800 1233 867 1282 qui
887 1232 970 1279 siet,

113 1285 323 1323 Paternum
342 1299 493 1324 servum
512 1286 571 1324 sui
588 1285 787 1336 participat
804 1286 936 1324 consili
951 1300 964 1333 ;

113 1338 195 1376 Dat
213 1351 298 1376 eam
314 1339 485 1390 puellam
504 1339 538 1377 ei
555 1351 659 1377 servo
677 1339 941 1389 exponendam
960 1338 1008 1376 ad
1026 1350 1170 1377 necem.

116 1392 158 1430 ls
177 1405 261 1429 mm
279 1392 460 1443 projecit:
488 1392 570 1430 haec
587 1391 758 1443 puellam
776 1392 943 1431 sustulit.

117 1445 193 1484 Ille
211 1446 311 1484 clam
327 1446 539 1484 observavit
556 1458 700 1492 servus,
1172 1445 1225 1483 20

115 1499 208 1546 Quo
225 1506 292 1537 aut
306 1512 400 1550 quas
417 1500 458 1536 in
477 1499 588 1537 aedeis
606 1498 686 1536 haec
704 1497 873 1548 puellam
891 1497 1049 1537 deferat.

115 1553 173 1591 Ut
191 1565 342 1604 fflmpse
359 1564 426 1590 vos
443 1551 604 1590 audistis
620 1551 842 1598 confiterier‚

118 1605 199 1644 Dat
217 1619 301 1644 aem
319 1606 490 1657 puellam
507 1605 693 1644 meretrici
711 1603 924 1653 Mela-nidi,

120 1659 258 1710 anue
275 1659 448 1697 educavit
466 1672 549 1698 oem
569 1659 641 1697 sibi
658 1671 728 1709 pro
749 1658 828 1696 filia

121 1713 228 1750 Bene
245 1725 289 1750 ac
302 1712 450 1762 pudice.
492 1713 600 1750 Tum
618 1712 698 1750 illic
715 1720 844 1750 autem
863 1710 1050 1750 Lemnius
1175 1714 1228 1750 25

124 1766 387 1816 Propinquam
405 1778 565 1804 uxorem
583 1766 710 1812 duxit,
729 1773 930 1816 cognatam
947 1777 1071 1804 suam.

122 1820 184 1858 Ea
202 1819 303 1856 diem
324 1831 438 1856 suum
456 1819 572 1865 obiit3
601 1819 700 1857 facta
717 1820 903 1869 morigera
921 1827 976 1857 est
994 1819 1087 1858 viro.

123 1873 333 1923 Postquam
352 1871 417 1910 ille
433 1873 545 1910 uxori
559 1874 663 1921 justa
679 1872 780 1919 fecit,
799 1872 901 1910 illico

122 1926 215 1964 Huc
233 1925 519 1976 commigravit;
549 1925 660 1963 duxit
677 1938 835 1964 uxorem
854 1925 918 1963 hic
936 1925 1007 1964 sibi

122 1979 330 2025 Emdem,
351 1991 467 2029 quam
486 1979 578 2016 olim
598 1978 780 2029 virginem
799 1978 864 2017 hic
885 1985 1176 2029 compresseram

125 2032 180 2070 Et
199 2045 284 2070 ωτι
302 2032 492 2082 cognoscit
509 2045 600 2078 esse,
620 2044 738 2082 quam
757 2041 1051 2083 compresserat:
1181 2031 1230 2068 31

127 2085 204 2124 Illa
220 2085 279 2122 illi
295 2084 398 2128 dicit,
419 2086 501 2134 ejus
521 2098 560 2123 se
578 2097 625 2123 ex
644 2085 784 2133 injuria

128 2139 326 2189 Peperisse
343 2151 516 2188 gnatam,
536 2146 652 2190 atque
670 2150 755 2176 eam
776 2150 816 2176 se
833 2149 938 2176 servo
955 2137 1058 2176 illico
