<?xml version="1.0" encoding="UTF-8"?>
<!DOCTYPE html PUBLIC "-//W3C//DTD XHTML 1.0 Transitional//EN"
    "http://www.w3.org/TR/xhtml1/DTD/xhtml1-transitional.dtd">
<html xmlns="http://www.w3.org/1999/xhtml" xml:lang="en" lang="en">
 <head>
  <title>
</title>
<meta http-equiv="Content-Type" content="text/html;charset=utf-8" />
  <meta name='ocr-system' content='tesseract 3.04.00' />
  <meta name='ocr-capabilities' content='ocr_page ocr_carea ocr_par ocr_line ocrx_word'/>
</head>
<body>
  <div class='ocr_page' id='page_1' title='image "./comoediaesupers01plauuoft_0162.png"; bbox 0 0 1412 2427; ppageno 0'>
   <div class='ocr_carea' id='block_1_1' title="bbox 137 42 948 84">
    <p class='ocr_par' dir='ltr' id='par_1_1' title="bbox 137 42 948 84">
     <span class='ocr_line' id='line_1_1' title="bbox 137 42 948 84; baseline 0 -4"><span class='ocrx_word' id='word_1_1' title='bbox 137 42 210 81; x_wconf 81' lang='grc'><strong>154</strong></span> <span class='ocrx_word' id='word_1_2' title='bbox 434 42 798 84; x_wconf 83' lang='lat' dir='ltr'>AULULARIA.</span> <span class='ocrx_word' id='word_1_3' title='bbox 829 43 881 81; x_wconf 87' lang='lat' dir='ltr'><strong>V.</strong></span> <span class='ocrx_word' id='word_1_4' title='bbox 914 43 948 80; x_wconf 89' lang='lat' dir='ltr'><strong>l.</strong></span> 
     </span>
    </p>
   </div>
   <div class='ocr_carea' id='block_1_2' title="bbox 135 148 1264 2165">
    <p class='ocr_par' dir='ltr' id='par_1_2' title="bbox 135 148 1264 2165">
     <span class='ocr_line' id='line_1_2' title="bbox 649 148 1243 200; baseline -0.008 -12"><span class='ocrx_word' id='word_1_5' title='bbox 649 151 747 200; x_wconf 77' lang='lat' dir='ltr'><strong><em>Lyc.</em></strong></span> <span class='ocrx_word' id='word_1_6' title='bbox 774 148 992 188; x_wconf 83' lang='lat' dir='ltr'><strong>Contollam</strong></span> <span class='ocrx_word' id='word_1_7' title='bbox 1009 148 1188 200; x_wconf 84' lang='lat' dir='ltr'><strong>gradum.</strong></span> <span class='ocrx_word' id='word_1_8' title='bbox 1216 148 1243 184; x_wconf 88' lang='grc'><strong>6</strong></span> 
     </span>
     <span class='ocr_line' id='line_1_3' title="bbox 135 200 1246 254; baseline -0.001 -15"><span class='ocrx_word' id='word_1_9' title='bbox 135 200 258 240; x_wconf 83' lang='lat' dir='ltr'>Credo</span> <span class='ocrx_word' id='word_1_10' title='bbox 276 215 346 254; x_wconf 85' lang='lat' dir='ltr'><strong>ego</strong></span> <span class='ocrx_word' id='word_1_11' title='bbox 363 203 490 250; x_wconf 77' lang='lat' dir='ltr'><strong>illum,</strong></span> <span class='ocrx_word' id='word_1_12' title='bbox 508 210 553 242; x_wconf 83' lang='lat' dir='ltr'><strong>ut</strong></span> <span class='ocrx_word' id='word_1_13' title='bbox 567 202 680 254; x_wconf 79' lang='lat' dir='ltr'><strong>jussi,</strong></span> <span class='ocrx_word' id='word_1_14' title='bbox 703 214 855 254; x_wconf 76' lang='lat' dir='ltr'><strong>eampse</strong></span> <span class='ocrx_word' id='word_1_15' title='bbox 872 214 990 241; x_wconf 86' lang='lat' dir='ltr'><strong>anum</strong></span> <span class='ocrx_word' id='word_1_16' title='bbox 1012 201 1152 249; x_wconf 78' lang='lat' dir='ltr'><strong>adisse,</strong></span> <span class='ocrx_word' id='word_1_17' title='bbox 1170 201 1246 238; x_wconf 89' lang='lat' dir='ltr'><strong>hu-</strong></span> 
     </span>
     <span class='ocr_line' id='line_1_4' title="bbox 291 256 749 307; baseline 0.002 -13"><span class='ocrx_word' id='word_1_18' title='bbox 291 257 356 305; x_wconf 90' lang='lat' dir='ltr'><strong>jus</strong></span> <span class='ocrx_word' id='word_1_19' title='bbox 375 257 561 295; x_wconf 84' lang='lat' dir='ltr'><strong>nutricem</strong></span> <span class='ocrx_word' id='word_1_20' title='bbox 580 256 749 307; x_wconf 83' lang='lat' dir='ltr'><strong>virginis.</strong></span> 
     </span>
     <span class='ocr_line' id='line_1_5' title="bbox 138 306 1244 360; baseline -0.002 -13"><span class='ocrx_word' id='word_1_21' title='bbox 138 310 246 347; x_wconf 82' lang='lat' dir='ltr'><strong>Stro.</strong></span> <span class='ocrx_word' id='word_1_22' title='bbox 268 308 376 356; x_wconf 88' lang='lat' dir='ltr'><strong>Quin</strong></span> <span class='ocrx_word' id='word_1_23' title='bbox 395 323 465 360; x_wconf 86' lang='lat' dir='ltr'><strong>ego</strong></span> <span class='ocrx_word' id='word_1_24' title='bbox 481 310 539 348; x_wconf 85' lang='lat' dir='ltr'><strong>illi</strong></span> <span class='ocrx_word' id='word_1_25' title='bbox 557 323 620 348; x_wconf 88' lang='lat' dir='ltr'><strong>me</strong></span> <span class='ocrx_word' id='word_1_26' title='bbox 637 308 826 349; x_wconf 86' lang='lat' dir='ltr'><strong>invenisse</strong></span> <span class='ocrx_word' id='word_1_27' title='bbox 843 309 927 348; x_wconf 81' lang='lat' dir='ltr'><strong>dieo</strong></span> <span class='ocrx_word' id='word_1_28' title='bbox 945 308 1043 348; x_wconf 79' lang='lat' dir='ltr'><strong>hanc</strong></span> <span class='ocrx_word' id='word_1_29' title='bbox 1060 306 1244 360; x_wconf 84' lang='lat' dir='ltr'><strong>praedam,</strong></span> 
     </span>
     <span class='ocr_line' id='line_1_6' title="bbox 297 363 617 414; baseline -0.003 -14"><span class='ocrx_word' id='word_1_30' title='bbox 297 371 412 414; x_wconf 88' lang='lat' dir='ltr'><strong>atque</strong></span> <span class='ocrx_word' id='word_1_31' title='bbox 432 364 587 414; x_wconf 86' lang='lat' dir='ltr'><strong>eloquor</strong></span> <span class='ocrx_word' id='word_1_32' title='bbox 598 363 617 399; x_wconf 71' lang='lat' dir='ltr'>P</span> 
     </span>
     <span class='ocr_line' id='line_1_7' title="bbox 138 414 1248 467; baseline 0 -15"><span class='ocrx_word' id='word_1_33' title='bbox 138 415 263 465; x_wconf 86' lang='lat' dir='ltr'>Igitur</span> <span class='ocrx_word' id='word_1_34' title='bbox 280 418 394 454; x_wconf 85' lang='lat' dir='ltr'><strong>orabo</strong></span> <span class='ocrx_word' id='word_1_35' title='bbox 412 424 456 454; x_wconf 89' lang='lat' dir='ltr'><strong>ut</strong></span> <span class='ocrx_word' id='word_1_36' title='bbox 469 429 587 456; x_wconf 80' lang='lat' dir='ltr'><strong>manu</strong></span> <span class='ocrx_word' id='word_1_37' title='bbox 600 429 663 456; x_wconf 89' lang='lat' dir='ltr'><strong>me</strong></span> <span class='ocrx_word' id='word_1_38' title='bbox 674 416 813 455; x_wconf 80' lang='lat' dir='ltr'><strong>mittat.</strong></span> <span class='ocrx_word' id='word_1_39' title='bbox 843 416 930 464; x_wconf 87' lang='lat' dir='ltr'><strong>Ibo,</strong></span> <span class='ocrx_word' id='word_1_40' title='bbox 945 422 1061 467; x_wconf 84' lang='lat' dir='ltr'><strong>atque</strong></span> <span class='ocrx_word' id='word_1_41' title='bbox 1078 414 1248 465; x_wconf 84' lang='lat' dir='ltr'><strong>eloquar.</strong></span> 
     </span>
     <span class='ocr_line' id='line_1_8' title="bbox 142 468 434 508; baseline 0.007 -3"><span class='ocrx_word' id='word_1_42' title='bbox 142 468 202 505; x_wconf 87' lang='lat' dir='ltr'><strong>Re</strong></span> <span class='ocrx_word' id='word_1_43' title='bbox 230 469 285 506; x_wconf 91' lang='lat' dir='ltr'><strong>eri</strong></span> <span class='ocrx_word' id='word_1_44' title='bbox 299 495 434 508; x_wconf 84' lang='lat'><strong>.....</strong></span> 
     </span>
     <span class='ocr_line' id='line_1_9' title="bbox 202 481 752 575; baseline 0.002 -15"><span class='ocrx_word' id='word_1_45' title='bbox 202 481 229 519; x_wconf 79' lang='lat' dir='ltr'>P</span> <span class='ocrx_word' id='word_1_46' title='bbox 301 524 399 572; x_wconf 72' lang='lat' dir='ltr'><em>Lyc.</em></span> <span class='ocrx_word' id='word_1_47' title='bbox 427 522 535 571; x_wconf 89' lang='lat' dir='ltr'><strong>Quid</strong></span> <span class='ocrx_word' id='word_1_48' title='bbox 552 523 752 575; x_wconf 82' lang='lat' dir='ltr'><strong>reperisti?</strong></span> 
     </span>
     <span class='ocr_line' id='line_1_10' title="bbox 485 572 1252 627; baseline -0.008 -12"><span class='ocrx_word' id='word_1_49' title='bbox 485 579 590 615; x_wconf 86' lang='lat' dir='ltr'><strong>Stro.</strong></span> <span class='ocrx_word' id='word_1_50' title='bbox 619 577 710 615; x_wconf 91' lang='lat' dir='ltr'><strong>Non</strong></span> <span class='ocrx_word' id='word_1_51' title='bbox 730 574 832 627; x_wconf 90' lang='lat' dir='ltr'><strong>quod</strong></span> <span class='ocrx_word' id='word_1_52' title='bbox 850 575 959 627; x_wconf 84' lang='lat' dir='ltr'><strong>pueri</strong></span> <span class='ocrx_word' id='word_1_53' title='bbox 977 574 1173 614; x_wconf 84' lang='lat' dir='ltr'><strong>clamitant</strong></span> <span class='ocrx_word' id='word_1_54' title='bbox 1203 572 1252 610; x_wconf 88' lang='grc'><strong>10</strong></span> 
     </span>
     <span class='ocr_line' id='line_1_11' title="bbox 151 627 571 679; baseline 0.01 -15"><span class='ocrx_word' id='word_1_55' title='bbox 151 627 199 664; x_wconf 90' lang='lat' dir='ltr'><strong>In</strong></span> <span class='ocrx_word' id='word_1_56' title='bbox 219 627 309 667; x_wconf 65' lang='lat' dir='ltr'><strong>faba</strong></span> <span class='ocrx_word' id='word_1_57' title='bbox 326 642 365 668; x_wconf 86' lang='lat' dir='ltr'><strong>se</strong></span> <span class='ocrx_word' id='word_1_58' title='bbox 382 629 571 679; x_wconf 80' lang='lat' dir='ltr'><strong>reperisse.</strong></span> 
     </span>
     <span class='ocr_line' id='line_1_12' title="bbox 424 678 1250 734; baseline -0.006 -14"><span class='ocrx_word' id='word_1_59' title='bbox 424 684 520 733; x_wconf 78' lang='lat' dir='ltr'><em>Lyc.</em></span> <span class='ocrx_word' id='word_1_60' title='bbox 547 683 689 722; x_wconf 85' lang='lat' dir='ltr'><strong>Jamne</strong></span> <span class='ocrx_word' id='word_1_61' title='bbox 707 689 836 720; x_wconf 83' lang='lat' dir='ltr'><strong>autem</strong></span> <span class='ocrx_word' id='word_1_62' title='bbox 857 682 919 734; x_wconf 91' lang='lat' dir='ltr'><strong>(ut</strong></span> <span class='ocrx_word' id='word_1_63' title='bbox 937 681 1053 732; x_wconf 65' lang='lat' dir='ltr'><strong>soles)</strong></span> <span class='ocrx_word' id='word_1_64' title='bbox 1070 678 1217 720; x_wconf 88' lang='lat' dir='ltr'>deludis</span> <span class='ocrx_word' id='word_1_65' title='bbox 1232 679 1250 716; x_wconf 71' lang='grc' dir='ltr'><strong><em>ἓ</em></strong></span> 
     </span>
     <span class='ocr_line' id='line_1_13' title="bbox 144 735 1074 786; baseline 0.003 -15"><span class='ocrx_word' id='word_1_66' title='bbox 144 735 249 772; x_wconf 82' lang='lat' dir='ltr'><em>stro.</em></span> <span class='ocrx_word' id='word_1_67' title='bbox 280 735 397 784; x_wconf 85' lang='lat' dir='ltr'><strong>Here,</strong></span> <span class='ocrx_word' id='word_1_68' title='bbox 416 748 553 776; x_wconf 82' lang='lat' dir='ltr'><strong>mane:</strong></span> <span class='ocrx_word' id='word_1_69' title='bbox 584 736 764 786; x_wconf 87' lang='lat' dir='ltr'><strong>eloquar:</strong></span> <span class='ocrx_word' id='word_1_70' title='bbox 790 736 872 784; x_wconf 87' lang='lat' dir='ltr'><strong>jam</strong></span> <span class='ocrx_word' id='word_1_71' title='bbox 891 735 1074 774; x_wconf 86' lang='lat' dir='ltr'><strong>ausculta.</strong></span> 
     </span>
     <span class='ocr_line' id='line_1_14' title="bbox 633 788 1144 839; baseline 0.002 -13"><span class='ocrx_word' id='word_1_72' title='bbox 633 791 730 839; x_wconf 55' lang='lat' dir='ltr'><strong>Lyca</strong></span> <span class='ocrx_word' id='word_1_73' title='bbox 759 788 844 839; x_wconf 83' lang='lat' dir='ltr'><strong>Age</strong></span> <span class='ocrx_word' id='word_1_74' title='bbox 861 800 960 838; x_wconf 89' lang='lat' dir='ltr'><strong>ergo,</strong></span> <span class='ocrx_word' id='word_1_75' title='bbox 978 788 1144 839; x_wconf 87' lang='lat' dir='ltr'><strong>loquere.</strong></span> 
     </span>
     <span class='ocr_line' id='line_1_15' title="bbox 833 841 1247 892; baseline 0 -12"><span class='ocrx_word' id='word_1_76' title='bbox 833 843 940 881; x_wconf 80' lang='lat' dir='ltr'><strong>Stro.</strong></span> <span class='ocrx_word' id='word_1_77' title='bbox 960 841 1101 892; x_wconf 79' lang='lat' dir='ltr'><strong>Repeti</strong></span> <span class='ocrx_word' id='word_1_78' title='bbox 1119 841 1247 890; x_wconf 87' lang='lat' dir='ltr'><strong>hodie,</strong></span> 
     </span>
     <span class='ocr_line' id='line_1_16' title="bbox 148 893 603 942; baseline 0 -10"><span class='ocrx_word' id='word_1_79' title='bbox 148 893 267 942; x_wconf 85' lang='lat' dir='ltr'><strong>Here,</strong></span> <span class='ocrx_word' id='word_1_80' title='bbox 286 893 435 934; x_wconf 84' lang='lat' dir='ltr'><strong>divitias</strong></span> <span class='ocrx_word' id='word_1_81' title='bbox 453 895 603 934; x_wconf 85' lang='lat' dir='ltr'><strong>nimias.</strong></span> 
     </span>
     <span class='ocr_line' id='line_1_17' title="bbox 444 946 774 999; baseline 0 -13"><span class='ocrx_word' id='word_1_82' title='bbox 444 951 541 999; x_wconf 77' lang='lat' dir='ltr'><em>Lyc.</em></span> <span class='ocrx_word' id='word_1_83' title='bbox 569 946 740 988; x_wconf 74' lang='lat' dir='ltr'><strong>Ubinam</strong></span> <span class='ocrx_word' id='word_1_84' title='bbox 755 950 774 986; x_wconf 73' lang='grc' dir='ltr'>Ρ</span> 
     </span>
     <span class='ocr_line' id='line_1_18' title="bbox 611 999 1246 1053; baseline 0 -14"><span class='ocrx_word' id='word_1_85' title='bbox 611 1002 716 1039; x_wconf 80' lang='lat' dir='ltr'><strong>Stro.</strong></span> <span class='ocrx_word' id='word_1_86' title='bbox 745 999 1030 1048; x_wconf 84' lang='lat' dir='ltr'><strong>Quadrilibrem</strong></span> <span class='ocrx_word' id='word_1_87' title='bbox 1051 999 1246 1053; x_wconf 83' lang='lat' dir='ltr'><strong>(inquam)</strong></span> 
     </span>
     <span class='ocr_line' id='line_1_19' title="bbox 668 1053 1088 1104; baseline 0.002 -13"><span class='ocrx_word' id='word_1_88' title='bbox 668 1054 798 1091; x_wconf 81' lang='lat' dir='ltr'><strong>aulam</strong></span> <span class='ocrx_word' id='word_1_89' title='bbox 817 1053 900 1091; x_wconf 89' lang='lat' dir='ltr'><strong>auri</strong></span> <span class='ocrx_word' id='word_1_90' title='bbox 914 1053 1067 1104; x_wconf 88' lang='lat' dir='ltr'><strong>plenam</strong></span> <span class='ocrx_word' id='word_1_91' title='bbox 1077 1081 1088 1092; x_wconf 90' lang='lat'><strong>.</strong></span> 
     </span>
     <span class='ocr_line' id='line_1_20' title="bbox 149 1104 936 1156; baseline 0.004 -14"><span class='ocrx_word' id='word_1_92' title='bbox 149 1106 252 1154; x_wconf 77' lang='lat' dir='ltr'><strong><em>Lyc.</em></strong></span> <span class='ocrx_word' id='word_1_93' title='bbox 280 1104 397 1153; x_wconf 86' lang='lat' dir='ltr'><strong>Quod</strong></span> <span class='ocrx_word' id='word_1_94' title='bbox 415 1118 484 1156; x_wconf 80' lang='lat' dir='ltr'><strong>ego</strong></span> <span class='ocrx_word' id='word_1_95' title='bbox 501 1105 648 1145; x_wconf 86' lang='lat' dir='ltr'><strong>facinus</strong></span> <span class='ocrx_word' id='word_1_96' title='bbox 669 1106 781 1144; x_wconf 83' lang='lat' dir='ltr'><strong>audio</strong></span> <span class='ocrx_word' id='word_1_97' title='bbox 800 1119 847 1144; x_wconf 83' lang='lat' dir='ltr'><strong>ex</strong></span> <span class='ocrx_word' id='word_1_98' title='bbox 866 1114 902 1144; x_wconf 82' lang='lat' dir='ltr'><strong>te</strong></span> <span class='ocrx_word' id='word_1_99' title='bbox 919 1109 936 1145; x_wconf 68' lang='grc' dir='ltr'><em>ἲ</em></span> 
     </span>
     <span class='ocr_line' id='line_1_21' title="bbox 544 1159 1254 1211; baseline -0.001 -12"><span class='ocrx_word' id='word_1_100' title='bbox 544 1162 647 1199; x_wconf 84' lang='lat' dir='ltr'><strong>Stro.</strong></span> <span class='ocrx_word' id='word_1_101' title='bbox 676 1159 855 1198; x_wconf 88' lang='lat' dir='ltr'><strong>Euclioni</strong></span> <span class='ocrx_word' id='word_1_102' title='bbox 872 1159 962 1198; x_wconf 90' lang='lat' dir='ltr'><strong>huic</strong></span> <span class='ocrx_word' id='word_1_103' title='bbox 979 1160 1058 1198; x_wconf 90' lang='lat' dir='ltr'><strong>seni</strong></span> <span class='ocrx_word' id='word_1_104' title='bbox 1077 1160 1254 1211; x_wconf 88' lang='lat' dir='ltr'>surripui.</span> 
     </span>
     <span class='ocr_line' id='line_1_22' title="bbox 152 1211 678 1261; baseline 0.004 -12"><span class='ocrx_word' id='word_1_105' title='bbox 152 1213 249 1261; x_wconf 73' lang='lat' dir='ltr'><strong><em>Lyc.</em></strong></span> <span class='ocrx_word' id='word_1_106' title='bbox 277 1211 357 1250; x_wconf 92' lang='lat' dir='ltr'><strong>Ubi</strong></span> <span class='ocrx_word' id='word_1_107' title='bbox 375 1211 414 1250; x_wconf 81' lang='lat' dir='ltr'><strong>id</strong></span> <span class='ocrx_word' id='word_1_108' title='bbox 432 1219 488 1250; x_wconf 60' lang='grc' dir='ltr'><strong>ωε</strong></span> <span class='ocrx_word' id='word_1_109' title='bbox 505 1225 642 1250; x_wconf 85' lang='lat' dir='ltr'><strong>aurum</strong></span> <span class='ocrx_word' id='word_1_110' title='bbox 660 1215 678 1251; x_wconf 71' lang='grc' dir='ltr'><strong><em>Ρ</em></strong></span> 
     </span>
     <span class='ocr_line' id='line_1_23' title="bbox 482 1266 1251 1317; baseline 0 -12"><span class='ocrx_word' id='word_1_111' title='bbox 482 1268 585 1305; x_wconf 77' lang='lat' dir='ltr'><strong>Stro.</strong></span> <span class='ocrx_word' id='word_1_112' title='bbox 616 1267 665 1304; x_wconf 91' lang='lat' dir='ltr'><strong>In</strong></span> <span class='ocrx_word' id='word_1_113' title='bbox 683 1266 770 1305; x_wconf 51' lang='lat' dir='ltr'><strong>arc&amp;⁴</strong></span> <span class='ocrx_word' id='word_1_114' title='bbox 793 1266 895 1317; x_wconf 87' lang='lat' dir='ltr'><strong>apud</strong></span> <span class='ocrx_word' id='word_1_115' title='bbox 913 1279 986 1304; x_wconf 86' lang='lat' dir='ltr'><strong>me.</strong></span> <span class='ocrx_word' id='word_1_116' title='bbox 1030 1266 1147 1305; x_wconf 89' lang='lat' dir='ltr'><strong>Nunc</strong></span> <span class='ocrx_word' id='word_1_117' title='bbox 1165 1267 1251 1305; x_wconf 86' lang='lat' dir='ltr'><strong>volo</strong></span> 
     </span>
     <span class='ocr_line' id='line_1_24' title="bbox 545 1320 1250 1358; baseline -0.003 0"><span class='ocrx_word' id='word_1_118' title='bbox 545 1332 608 1358; x_wconf 89' lang='lat' dir='ltr'><strong>me</strong></span> <span class='ocrx_word' id='word_1_119' title='bbox 626 1320 747 1357; x_wconf 86' lang='lat' dir='ltr'>emitti</span> <span class='ocrx_word' id='word_1_120' title='bbox 765 1331 896 1357; x_wconf 86' lang='lat' dir='ltr'><strong>manu.</strong></span> <span class='ocrx_word' id='word_1_121' title='bbox 1202 1320 1250 1356; x_wconf 86' lang='lat'><strong>15</strong></span> 
     </span>
     <span class='ocr_line' id='line_1_25' title="bbox 151 1372 1254 1422; baseline 0.001 -13"><span class='ocrx_word' id='word_1_122' title='bbox 151 1374 247 1421; x_wconf 73' lang='lat' dir='ltr'><em>Lyc.</em></span> <span class='ocrx_word' id='word_1_123' title='bbox 274 1372 410 1421; x_wconf 86' lang='lat' dir='ltr'><strong>Egone</strong></span> <span class='ocrx_word' id='word_1_124' title='bbox 429 1379 465 1410; x_wconf 87' lang='lat' dir='ltr'><strong>te</strong></span> <span class='ocrx_word' id='word_1_125' title='bbox 483 1373 656 1411; x_wconf 83' lang='lat' dir='ltr'><strong>emittam</strong></span> <span class='ocrx_word' id='word_1_126' title='bbox 675 1385 807 1422; x_wconf 85' lang='lat' dir='ltr'><strong>manu,</strong></span> <span class='ocrx_word' id='word_1_127' title='bbox 833 1373 1014 1411; x_wconf 86' lang='lat' dir='ltr'><strong>scelerum</strong></span> <span class='ocrx_word' id='word_1_128' title='bbox 1034 1372 1254 1412; x_wconf 84' lang='lat' dir='ltr'><strong>cumulatis-</strong></span> 
     </span>
     <span class='ocr_line' id='line_1_26' title="bbox 310 1427 448 1463; baseline 0.007 -1"><span class='ocrx_word' id='word_1_129' title='bbox 310 1437 416 1462; x_wconf 84' lang='lat' dir='ltr'><strong>sume</strong></span> <span class='ocrx_word' id='word_1_130' title='bbox 430 1427 448 1463; x_wconf 68' lang='grc' dir='ltr'><strong><em>ἓ</em></strong></span> 
     </span>
     <span class='ocr_line' id='line_1_27' title="bbox 418 1478 880 1526; baseline 0 -10"><span class='ocrx_word' id='word_1_131' title='bbox 418 1480 521 1516; x_wconf 87' lang='lat' dir='ltr'><strong>Stro.</strong></span> <span class='ocrx_word' id='word_1_132' title='bbox 550 1479 642 1526; x_wconf 89' lang='lat' dir='ltr'><strong>Abi,</strong></span> <span class='ocrx_word' id='word_1_133' title='bbox 663 1479 777 1524; x_wconf 82' lang='lat' dir='ltr'><strong>here;</strong></span> <span class='ocrx_word' id='word_1_134' title='bbox 806 1478 880 1516; x_wconf 88' lang='lat' dir='ltr'><strong>scio</strong></span> 
     </span>
     <span class='ocr_line' id='line_1_28' title="bbox 151 1529 1256 1582; baseline 0.003 -16"><span class='ocrx_word' id='word_1_135' title='bbox 151 1530 282 1577; x_wconf 82' lang='lat' dir='ltr'><strong>Quam</strong></span> <span class='ocrx_word' id='word_1_136' title='bbox 308 1542 387 1567; x_wconf 89' lang='lat' dir='ltr'><strong>rem</strong></span> <span class='ocrx_word' id='word_1_137' title='bbox 415 1543 534 1580; x_wconf 85' lang='lat' dir='ltr'><strong>geras.</strong></span> <span class='ocrx_word' id='word_1_138' title='bbox 575 1531 722 1582; x_wconf 84' lang='lat' dir='ltr'><strong>Lepide</strong></span> <span class='ocrx_word' id='word_1_139' title='bbox 751 1529 922 1581; x_wconf 89' lang='lat' dir='ltr'><strong>(hercle)</strong></span> <span class='ocrx_word' id='word_1_140' title='bbox 943 1532 1117 1570; x_wconf 86' lang='lat' dir='ltr'><strong>animum</strong></span> <span class='ocrx_word' id='word_1_141' title='bbox 1144 1538 1256 1569; x_wconf 89' lang='lat' dir='ltr'><strong>tuum</strong></span> 
     </span>
     <span class='ocr_line' id='line_1_29' title="bbox 311 1583 620 1631; baseline 0.003 -11"><span class='ocrx_word' id='word_1_142' title='bbox 311 1583 464 1620; x_wconf 83' lang='lat' dir='ltr'><strong>tentavi.</strong></span> <span class='ocrx_word' id='word_1_143' title='bbox 509 1584 620 1631; x_wconf 78' lang='lat' dir='ltr'><strong>Jam,</strong></span> 
     </span>
     <span class='ocr_line' id='line_1_30' title="bbox 153 1635 1261 1689; baseline 0.001 -16"><span class='ocrx_word' id='word_1_144' title='bbox 153 1635 207 1673; x_wconf 92' lang='lat' dir='ltr'><strong>Ut</strong></span> <span class='ocrx_word' id='word_1_145' title='bbox 225 1635 397 1685; x_wconf 78' lang='lat' dir='ltr'><strong>eriperes,</strong></span> <span class='ocrx_word' id='word_1_146' title='bbox 412 1638 634 1686; x_wconf 86' lang='lat' dir='ltr'><strong>apparabas.</strong></span> <span class='ocrx_word' id='word_1_147' title='bbox 662 1637 770 1685; x_wconf 87' lang='lat' dir='ltr'><strong>Quid</strong></span> <span class='ocrx_word' id='word_1_148' title='bbox 787 1637 938 1685; x_wconf 81' lang='lat' dir='ltr'><strong>faceres,</strong></span> <span class='ocrx_word' id='word_1_149' title='bbox 959 1638 990 1675; x_wconf 86' lang='lat' dir='ltr'><strong>si</strong></span> <span class='ocrx_word' id='word_1_150' title='bbox 1008 1638 1229 1689; x_wconf 85' lang='lat' dir='ltr'><strong>reperissem</strong></span> <span class='ocrx_word' id='word_1_151' title='bbox 1243 1637 1261 1674; x_wconf 83' lang='lat'><strong>?</strong></span> 
     </span>
     <span class='ocr_line' id='line_1_31' title="bbox 153 1689 1204 1741; baseline 0.003 -16"><span class='ocrx_word' id='word_1_152' title='bbox 153 1690 248 1737; x_wconf 72' lang='lat' dir='ltr'><strong>Lye.</strong></span> <span class='ocrx_word' id='word_1_153' title='bbox 277 1689 368 1726; x_wconf 90' lang='lat' dir='ltr'><strong>Non</strong></span> <span class='ocrx_word' id='word_1_154' title='bbox 385 1698 490 1740; x_wconf 60' lang='lat' dir='ltr'><strong>potes</strong></span> <span class='ocrx_word' id='word_1_155' title='bbox 508 1690 685 1740; x_wconf 55' lang='lat' dir='ltr'><strong>probasse</strong></span> <span class='ocrx_word' id='word_1_156' title='bbox 703 1702 836 1741; x_wconf 85' lang='lat' dir='ltr'><strong>nugas.</strong></span> <span class='ocrx_word' id='word_1_157' title='bbox 867 1691 905 1737; x_wconf 87' lang='grc' dir='ltr'><strong>Ι,</strong></span> <span class='ocrx_word' id='word_1_158' title='bbox 924 1691 1036 1729; x_wconf 88' lang='lat' dir='ltr'><strong>redde</strong></span> <span class='ocrx_word' id='word_1_159' title='bbox 1055 1703 1204 1729; x_wconf 86' lang='lat' dir='ltr'><strong>aurum.</strong></span> 
     </span>
     <span class='ocr_line' id='line_1_32' title="bbox 668 1743 1262 1799; baseline 0 -17"><span class='ocrx_word' id='word_1_160' title='bbox 668 1746 773 1782; x_wconf 86' lang='lat' dir='ltr'><em>Stro.</em></span> <span class='ocrx_word' id='word_1_161' title='bbox 802 1743 978 1781; x_wconf 82' lang='lat' dir='ltr'><strong>Reddam</strong></span> <span class='ocrx_word' id='word_1_162' title='bbox 997 1757 1067 1794; x_wconf 87' lang='lat' dir='ltr'><strong>ego</strong></span> <span class='ocrx_word' id='word_1_163' title='bbox 1085 1757 1222 1786; x_wconf 85' lang='lat' dir='ltr'><strong>aurum</strong></span> <span class='ocrx_word' id='word_1_164' title='bbox 1237 1746 1262 1799; x_wconf 64' lang='grc'>3</span> 
     </span>
     <span class='ocr_line' id='line_1_33' title="bbox 155 1795 1024 1847; baseline 0.003 -15"><span class='ocrx_word' id='word_1_165' title='bbox 155 1796 252 1845; x_wconf 75' lang='lat' dir='ltr'><strong><em>Lyc.</em></strong></span> <span class='ocrx_word' id='word_1_166' title='bbox 279 1795 426 1844; x_wconf 84' lang='lat' dir='ltr'><strong>Redde,</strong></span> <span class='ocrx_word' id='word_1_167' title='bbox 446 1796 603 1847; x_wconf 88' lang='lat' dir='ltr'><strong>inquam</strong></span> <span class='ocrx_word' id='word_1_168' title='bbox 619 1811 629 1834; x_wconf 76' lang='grc' dir='ltr'><strong><em>ε</em></strong></span> <span class='ocrx_word' id='word_1_169' title='bbox 661 1806 705 1835; x_wconf 93' lang='lat' dir='ltr'><strong>ut</strong></span> <span class='ocrx_word' id='word_1_170' title='bbox 722 1796 813 1835; x_wconf 88' lang='lat' dir='ltr'><strong>huic</strong></span> <span class='ocrx_word' id='word_1_171' title='bbox 831 1796 1024 1835; x_wconf 76' lang='lat' dir='ltr'><strong>reddatur.</strong></span> 
     </span>
     <span class='ocr_line' id='line_1_34' title="bbox 319 1849 705 1889; baseline 0.005 -2"><span class='ocrx_word' id='word_1_172' title='bbox 319 1851 421 1887; x_wconf 87' lang='lat' dir='ltr'><em>Stro.</em></span> <span class='ocrx_word' id='word_1_173' title='bbox 451 1850 516 1887; x_wconf 93' lang='lat' dir='ltr'><strong>Ah</strong></span> <span class='ocrx_word' id='word_1_174' title='bbox 531 1850 541 1887; x_wconf 72' lang='grc' dir='ltr'>Ξ</span> <span class='ocrx_word' id='word_1_175' title='bbox 572 1849 674 1888; x_wconf 88' lang='lat' dir='ltr'><strong>unde</strong></span> <span class='ocrx_word' id='word_1_176' title='bbox 687 1852 705 1889; x_wconf 86' lang='lat'>?</span> 
     </span>
     <span class='ocr_line' id='line_1_35' title="bbox 511 1903 1254 1953; baseline 0.001 -13"><span class='ocrx_word' id='word_1_177' title='bbox 511 1904 607 1953; x_wconf 77' lang='lat' dir='ltr'><strong>Lye.</strong></span> <span class='ocrx_word' id='word_1_178' title='bbox 637 1903 751 1947; x_wconf 82' lang='lat' dir='ltr'><strong>Quod</strong></span> <span class='ocrx_word' id='word_1_179' title='bbox 770 1903 883 1942; x_wconf 89' lang='lat' dir='ltr'><strong>modo</strong></span> <span class='ocrx_word' id='word_1_180' title='bbox 902 1904 1022 1942; x_wconf 78' lang='lat' dir='ltr'><strong>fassus</strong></span> <span class='ocrx_word' id='word_1_181' title='bbox 1039 1917 1078 1942; x_wconf 88' lang='lat' dir='ltr'><strong>es</strong></span> <span class='ocrx_word' id='word_1_182' title='bbox 1096 1916 1174 1942; x_wconf 84' lang='lat' dir='ltr'><strong>esse</strong></span> <span class='ocrx_word' id='word_1_183' title='bbox 1202 1905 1254 1941; x_wconf 78' lang='lat'><strong>20</strong></span> 
     </span>
     <span class='ocr_line' id='line_1_36' title="bbox 158 1954 322 1994; baseline 0.006 -1"><span class='ocrx_word' id='word_1_184' title='bbox 158 1956 207 1993; x_wconf 88' lang='lat' dir='ltr'><strong>In</strong></span> <span class='ocrx_word' id='word_1_185' title='bbox 225 1954 322 1994; x_wconf 63' lang='lat' dir='ltr'><strong>arca„</strong></span> 
     </span>
     <span class='ocr_line' id='line_1_37' title="bbox 316 2009 1264 2062; baseline 0.001 -16"><span class='ocrx_word' id='word_1_186' title='bbox 316 2010 419 2046; x_wconf 83' lang='lat' dir='ltr'><em>Stro.</em></span> <span class='ocrx_word' id='word_1_187' title='bbox 448 2009 558 2047; x_wconf 86' lang='lat' dir='ltr'><strong>Soleo</strong></span> <span class='ocrx_word' id='word_1_188' title='bbox 577 2009 751 2061; x_wconf 88' lang='lat' dir='ltr'><strong>(hercle)</strong></span> <span class='ocrx_word' id='word_1_189' title='bbox 778 2023 846 2061; x_wconf 87' lang='lat' dir='ltr'><strong>ego</strong></span> <span class='ocrx_word' id='word_1_190' title='bbox 871 2011 1010 2062; x_wconf 78' lang='lat' dir='ltr'><strong>gan-ire</strong></span> <span class='ocrx_word' id='word_1_191' title='bbox 1034 2022 1181 2061; x_wconf 85' lang='lat' dir='ltr'><strong>nugas:</strong></span> <span class='ocrx_word' id='word_1_192' title='bbox 1211 2009 1264 2048; x_wconf 79' lang='lat' dir='ltr'><strong>ita</strong></span> 
     </span>
     <span class='ocr_line' id='line_1_38' title="bbox 485 2063 630 2102; baseline 0 -2"><span class='ocrx_word' id='word_1_193' title='bbox 485 2063 499 2100; x_wconf 94' lang='lat'>1</span> <span class='ocrx_word' id='word_1_194' title='bbox 550 2076 630 2102; x_wconf 90' lang='lat' dir='ltr'><strong>uor.</strong></span> 
     </span>
     <span class='ocr_line' id='line_1_39' title="bbox 500 2075 1263 2165; baseline -0.003 -9"><span class='ocrx_word' id='word_1_195' title='bbox 500 2075 549 2114; x_wconf 76' lang='lat' dir='ltr'><strong>oq</strong></span> <span class='ocrx_word' id='word_1_196' title='bbox 958 2118 1054 2165; x_wconf 80' lang='lat' dir='ltr'><strong><em>Lyc.</em></strong></span> <span class='ocrx_word' id='word_1_197' title='bbox 1083 2115 1137 2154; x_wconf 84' lang='lat' dir='ltr'><strong>At</strong></span> <span class='ocrx_word' id='word_1_198' title='bbox 1157 2114 1263 2154; x_wconf 86' lang='lat' dir='ltr'><strong>sci&#39;n&#39;</strong></span> 
     </span>
    </p>
   </div>
  </div>
 </body>
</html>
