1412 2427
175 44 250 81 134
458 40 813 82 AULULARIA.
845 40 928 79 ΙΙΙ.
957 43 997 79 2.

173 149 234 188 Ita
261 162 324 188 me
351 150 533 188 miserum
561 156 598 187 et
624 161 729 187 meos
755 147 962 198 discipulos
989 146 1155 185 fustibus
1183 147 1283 186 male

333 203 598 242 contuderunt.

176 257 300 296 Totus
319 256 441 304 doleo,
472 263 586 307 atque
604 254 744 315 oppido
761 253 855 305 perii
870 267 882 299 3
913 253 966 291 ita
983 267 1045 291 me
1063 253 1132 291 iste
1149 253 1283 292 habuit

333 323 445 348 senex
464 321 718 360 gymnasmm.
1257 309 1281 343 5

173 365 311 415 Neque
330 364 434 423 ligna
454 375 522 413 ego
541 375 703 413 usquam
730 362 902 412 gentium
924 360 1082 412 praeberi
1100 359 1178 397 vidi
1195 359 1282 410 pul-

176 471 313 521 Itaque
332 417 483 560 {lmriileis
501 469 626 520 exegit
645 468 757 517 foras,
784 481 847 506 me
875 473 989 518 atque
1016 466 1100 513 hos,
1129 472 1285 503 onustos

174 577 284 624 Atat,
314 525 598 627 Ρὲῐῗιξιῐὶἶῒτώθ)
627 588 696 626 ego
723 575 862 613 miser!
893 573 1014 625 aperit
1038 571 1281 610 Bacchanal:

335 630 462 668 adest:

176 683 366 735 Sequitur.
418 681 504 721 Scio
530 693 648 732 quam
676 694 756 720 rem
783 694 933 732 geram:
972 679 1044 718 hoc
1069 679 1174 730 ipsus
1200 689 1285 715 ma-

333 736 448 788 gister
466 747 528 773 me
548 734 690 773 docuit.

433 893 622 933 ACTUS
643 895 728 933 III.
783 891 967 933 SCENA
988 891 1049 931 ΙΙ.

507 1001 700 1039 Eueno.
737 1001 969 1040 Commo.

179 1113 280 1149 Eue.
299 1108 409 1147 Redi.
465 1106 556 1156 Quo
573 1107 676 1158 fugis
694 1107 823 1146 nunc?
851 1114 951 1153 tene,
970 1111 1067 1144 tene.

691 1163 786 1200 Con.
806 1160 928 1208 Quid,
949 1158 1096 1207 stolide,
1120 1156 1289 1196 clamas?

179 1219 277 1255 Eue.
310 1215 415 1263 Quia
447 1214 497 1252 ad
531 1214 728 1254 Traeviros
761 1215 840 1264 jam
880 1225 949 1264 ego
981 1212 1148 1251 deferam
1179 1218 1291 1249 tuum

339 1280 566 1362 ῙῙΟΪΠΕΠἑόη.
586 1321 851 1370 Quamobrem
866 1322 884 1359 ?

180 1379 278 1415 Eue.
301 1375 407 1424 Quia
424 1376 591 1414 cultrum
609 1375 737 1413 habes.

557 1431 652 1468 Con.
672 1428 819 1466 Cocum
837 1426 954 1465 decet.

789 1482 889 1518 Eue.
910 1479 1018 1527 Quid
1036 1478 1289 1518 comminatus

182 1536 289 1576 Mihi
303 1539 321 1575 ἓ

264 1591 360 1628 Con.
390 1589 512 1679 15ιὲοέ
514 1587 617 1649 male
635 1587 782 1626 factum
799 1586 972 1635 arbitror,
992 1586 1083 1638 quia
1101 1597 1177 1623 non
1195 1585 1296 1622 latus

182 1699 281 1734 Eue.
303 1696 437 1734 Homo
451 1655 581 1734 nullius
595 1702 651 1733 est
662 1701 700 1733 te
714 1693 914 1741 scelestior,
929 1693 998 1744 qui
1011 1693 1113 1732 vivat
1126 1691 1253 1738 hodie,
1273 1693 1297 1728 5

181 1750 320 1801 Neque
352 1749 443 1800 quoi
479 1762 549 1799 ego
579 1749 626 1786 de
657 1747 842 1786 industria.
878 1746 1043 1798 amplius
1078 1747 1179 1784 male
1210 1745 1298 1797 plus

339 1803 477 1840 lubens
496 1802 630 1839 faxim.

186 1859 281 1896 Con.
302 1856 390 1903 Pol,
411 1855 480 1916 etsi
499 1862 634 1904 taceas,
655 1855 783 1906 palam
801 1854 842 1892 id
860 1853 1018 1905 quidem
1035 1853 1109 1892 ’st:
1139 1864 1198 1891 ιω
1215 1852 1299 1903 ipsa

183 1964 248 2002 Ita
271 1915 551 2054 mstizzgdgii'n
578 1962 730 2001 mollior
752 1962 868 2001 miser
893 1961 1032 2012 magis,
1054 1971 1172 2012 quam
1198 1957 1301 1995 ullus

185 2069 262 2109 Sed
285 2028 488 2135 quictintinbi1
491 2030 582 2119 Srios,
610 2069 783 2110 mendice
809 2069 941 2118 homo,
967 2067 1082 2108 tactio
1100 2068 1185 2106 est?
1214 2077 1301 2116 quae

347 2136 403 2161 res
423 2135 440 2161 r
