1412 2427
250 48 328 86 290
615 45 842 85 GASINA.
872 46 929 84 ΙΙ.
960 48 996 83 6.

253 155 350 193 Stal.
381 153 468 192 Hoc
486 165 556 204 age
573 153 637 201 siz-³,
658 152 858 206 Olympio.

679 208 810 258 Olym.
838 208 881 247 Si
897 208 959 246 hie
976 207 1145 245 literatus
1162 218 1225 245 me
1249 205 1360 245 sinat.

253 263 349 299 Stal.
380 259 497 309 Quod
515 261 659 300 bonum
677 268 792 313 atque
809 261 1045 300 fortunatum
1064 259 1160 298 mihi
1178 259 1236 298 sit.

760 316 888 365 Olym.
919 315 981 354 Ita
999 326 1097 359 vero,
1118 321 1156 352 et
1172 311 1281 351 mihi.
1308 313 1363 350 50

254 369 349 407 Cha.
379 369 483 407 Non.

412 423 542 471 Olym.
569 421 712 469 Immo,
734 422 870 460 hercle.

520 476 616 514 Clau.
646 476 776 513 Immo
794 476 904 520 mihi,
923 475 1060 514 hercle.

648 530 746 567 Stat.
778 529 855 568 Hic
873 529 996 568 vincet
1012 541 1024 573 ς
1055 536 1097 567 tu
1116 528 1218 566 vives
1236 527 1360 565 miser.

254 580 421 620 Praeeide
436 594 477 620 os
496 588 538 619 tu
557 581 614 619 illi
633 582 758 621 hodie.
797 583 899 633 Age,
919 582 1053 632 ecquid
1073 581 1115 619 fit
1131 583 1149 620 ?

815 638 916 675 Cleo.
947 636 1009 674 Ne
1027 635 1172 684 objexis
1190 646 1361 672 manum.

257 689 385 738 Olym.
413 687 677 740 Compress'zin’
697 689 826 740 palm&
845 702 892 727 an
913 688 1082 741 porrectzi
1099 687 1221 726 ferio?

824 744 922 782 Stal.
950 743 1053 792 Age,
1073 749 1118 780 ut
1135 741 1203 780 vis.

978 797 1109 846 Olym.
1139 795 1243 833 Hem
1263 794 1358 833 tibi!

256 849 359 888 Cleo.
390 847 498 896 Quid
517 849 586 888 tibi
604 850 728 889 istunc
746 851 859 888 tactio
872 850 919 888 'st
931 852 949 889 ?

662 905 792 952 Olym.
820 903 926 950 Quia
942 902 1097 954 Jupiter
1111 901 1225 953 jussit
1242 913 1366 940 meus.

257 957 357 995 CIeo.
387 955 475 993 Feri
494 956 637 994 malam
656 964 698 994 tu
717 957 774 995 illi
791 970 956 995 rursum.

471 1010 598 1057 Olym.
629 1010 730 1048 Perii
747 1011 756 1048 Ξ
788 1011 926 1062 pugnis
945 1009 1080 1058 caedor‚
1099 1008 1253 1060 Jupiter
1268 1009 1278 1046 !
1314 1010 1366 1046 55

254 1063 352 1100 Stat.
383 1061 490 1110 Quid
511 1063 579 1100 tibi
598 1063 709 1101 tactio
727 1064 829 1102 hunc
847 1064 920 1101 fuit
936 1067 954 1102 ἰ)

670 1118 766 1156 Cha.
795 1117 900 1165 Quia
914 1117 1028 1167 jussit
1044 1116 1125 1155 haec
1142 1116 1250 1155 Juno
1268 1128 1366 1154 mea.

255 1171 353 1210 Stal.
382 1169 620 1208 Patiundum
638 1171 698 1216 'st‚
723 1171 925 1222 siquidem,
949 1184 1012 1209 me
1036 1170 1136 1218 vivo,
1159 1183 1245 1209 mea
1270 1182 1367 1208 uxor

413 1223 617 1274 imperium
638 1224 804 1262 exhibet.

258 1279 360 1317 Cleo.
389 1277 491 1314 Tam
510 1277 600 1316 huic
615 1277 722 1329 loqui
737 1278 848 1318 licere
865 1285 1025 1329 oportet,
1046 1289 1165 1328 quam
1181 1277 1255 1318 isti.

883 1333 1013 1382 Olym.
1042 1332 1122 1370 Cur
1140 1343 1251 1370 omen
1270 1331 1366 1370 mihi

255 1383 487 1435 vituperat?

443 1439 542 1476 Stal.
563 1438 689 1487 Malo,
710 1439 885 1487 Chaline‚
905 1439 975 1479 tibi
993 1438 1203 1478 cavendum
1221 1450 1365 1477 censeo.

257 1494 353 1532 Cha.
384 1492 580 1543 Temp01i‚
602 1501 804 1544 postquam
824 1501 1089 1544 oppugnatum
1106 1492 1153 1530 'st
1171 1505 1223 1530 os.

602 1548 699 1584 Stal.
727 1547 830 1598 Age,
850 1559 946 1584 uxor
965 1559 1064 1592 mea,
1082 1558 1186 1585 nunc
1200 1547 1283 1596 jam
1312 1546 1366 1585 60

255 1599 367 1638 Sorti.
405 1599 486 1638 Vos
505 1599 688 1638 advortite
705 1600 891 1638 animum.
943 1600 1078 1638 Praebe
1096 1607 1150 1637 tu.

864 1655 991 1702 Olym.
1024 1653 1101 1691 Ubi
1120 1653 1208 1699 sim,
1230 1652 1367 1691 nescio.

256 1706 358 1744 Perii
373 1706 382 1743 !
431 1719 494 1744 cor
527 1705 714 1745 lienosum
752 1707 918 1758 (opinor)
948 1707 1092 1753 habeo3
1133 1706 1366 1756 jamdudum

277 1771 279 1773 '
415 1759 523 1797 salit:

253 1812 318 1851 De
334 1813 462 1851 labore
479 1820 610 1864 peetus
628 1813 766 1851 tundit.

633 1869 667 1906 C
669 1869 736 1905 leo.
769 1868 899 1906 Teneo
917 1874 1069 1907 sortem.

999 1923 1099 1961 Stal.
1127 1920 1235 1960 Effer
1254 1920 1363 1960 foras.

258 1974 354 2014 Cha.
384 1973 526 2012 Jamne
544 1977 717 2013 mortu‘us
735 1978 752 2014 ?

527 2029 655 2078 Olym.
685 2028 882 2074 Ostende;
910 2041 997 2066 mea
1010 2027 1070 2067 ’st.

702 2084 798 2121 Cha-
825 2083 938 2121 Mala
954 2095 1048 2121 crux
1069 2096 1112 2121 ea
1128 2082 1176 2120 ’st
1193 2081 1364 2133 quidem.

262 2136 361 2172 Cleo.
393 2135 529 2173 Victus
549 2148 600 2180 est,
622 2135 797 2173 Chaline.
