1412 2427
157 92 202 127 14
462 86 835 126 AMPHITRUO.
863 86 900 124 1.
932 89 965 124 l.

155 197 272 243 Fecit,
294 204 342 234 ut
355 195 570 257 yigihuem,
595 194 657 232 hic
674 194 814 245 pugnis
832 193 941 232 faciet
959 192 1084 240 hodie,
1114 201 1157 231 ut
1175 194 1262 275 ‹lox-5

155 262 467 363 Ορρὶᾶοιῗιζῗεὶἓὶ.
522 301 689 378 O'bsecro
710 300 871 351 (hercle)
892 308 1058 351 quantus
1087 308 1123 338 et
1143 248 1260 351 qulaiii¹

156 411 285 447 stserc.
306 355 632 448 ὲζέἓζῗίῖέἱὲυῐη
649 407 872 446 fabulabor:
897 407 959 445 hic
974 408 1159 446 auscultet
1173 420 1261 459 quae

316 463 353 500 lo
382 475 460 500 uar.

156 516 282 565 Igitur
300 476 421 565 maqgis
448 514 607 553 modum
634 514 674 551 in
701 515 885 563 majorem
913 514 951 550 in
981 525 1060 551 sese
1079 514 1264 564 concipiet

316 577 474 606 metum.
1191 569 1266 605 145

157 623 289 672 Agite,
310 622 454 712 {ug-ni:
481 623 563 671 jam
583 621 648 658 diu
670 621 731 667 'st‚
754 620 857 671 quod
878 619 998 657 ventri
1018 619 1161 658 victum
1189 634 1266 659 non

346 683 439 713 atis:

157 728 398 779 Jampridem
418 727 564 765 videtur
582 727 741 775 factum,
761 727 842 764 heri
861 726 963 777 quod
981 727 1154 766 homines
1174 742 1268 779 qua-

315 789 401 819 tuor

157 835 207 873 In
226 847 398 884 soporem
417 834 626 874 collocastis
645 833 780 871 nudos.

732 889 814 924 Sos.
845 886 1028 924 Formido
1045 888 1160 936 male,

159 941 223 978 Ne
255 954 324 991 ego
359 942 423 980 hic
448 954 586 980 nomen
613 953 746 979 meum
774 947 1021 988 commutem,
1041 948 1078 978 et
1097 942 1269 989 Quintus

318 994 408 1033 fiam
428 1009 447 1033 e
466 995 585 1033 Sosia‘

159 1048 335 1094 Quatuor
354 1049 450 1086 viros
468 1048 592 1099 sopori
610 1061 648 1086 se
666 1047 811 1085 dedisse
827 1046 890 1084 hic
907 1054 1083 1085 autumat
1098 1048 1108 1084 !
1195 1050 1280 1088 150

159 1100 296 1139 Metuo
315 1114 363 1139 ne
381 1113 584 1138 numerum
604 1113 763 1151 augeam
781 1101 905 1137 iHum.

381 1156 511 1191 Alere.
541 1154 672 1192 Hem!
704 1165 805 1191 nunc
821 1155 903 1202 jam
922 1166 1034 1204 ergo:
1065 1154 1118 1193 sic
1136 1154 1275 1207 [volo-J

161 1208 244 1244 Sos.
275 1206 482 1257 Cingitur;
515 1215 611 1245 certe
631 1206 783 1257 expedit
801 1219 852 1244 se.

587 1263 718 1298 Mero.
751 1260 843 1297 Non
862 1260 970 1307 feret,
991 1261 1085 1310 quin
1104 1264 1277 1314 vapulet.

162 1315 251 1351 Sos.
280 1313 379 1361 Quis
397 1314 512 1352 homo
527 1317 544 1352 Ρ

339 1369 469 1404 Mero.
499 1366 685 1417 Quisquis
702 1366 820 1404 homo
837 1366 913 1404 huc
930 1366 1097 1416 profecto
1115 1370 1272 1418 venerit,

429 1433 579 1471 pugnos
598 1420 694 1457 edet.

162 1475 246 1510 Sos.
272 1473 412 1524 Apage
427 1474 436 1510 2
463 1486 539 1511 non
558 1472 681 1523 placet
698 1486 762 1511 me
778 1473 850 1511 hoc
867 1472 987 1510 noetis
1005 1485 1107 1512 esse:
1131 1477 1275 1514 coenavi

320 1526 434 1563 modo
450 1540 461 1563 z

163 1579 280 1617 Proin
309 1587 352 1617 tu
383 1579 494 1616 istam
523 1591 667 1617 coenam
695 1578 845 1628 largire,
875 1578 906 1616 si
933 1579 1048 1630 sapis,
1078 1582 1278 1621 esurienti-

322 1634 406 1670 bus·
1197 1637 1282 1675 1551

164 1687 294 1724 Mero.
324 1685 444 1723 Haud
462 1686 611 1723 malum
628 1684 718 1722 huic
737 1691 794 1722 est
810 1685 959 1735 pondus
976 1698 1120 1738 pugno.

642 1740 724 1776 Sos.
758 1738 886 1776 Perii!
915 1752 1063 1790 pugnos
1080 1743 1276 1792 ponderat.

162 1792 222 1828 M
219 1804 294 1829 ere.
310 1791 417 1840 Quid
431 1792 462 1829 si
476 1804 546 1842 ego
558 1791 670 1829 illum
682 1791 832 1830 tractim
847 1798 1015 1842 tangam,
1029 1801 1074 1832 ut
1087 1795 1276 1836 dormiat?

923 1848 1008 1884 Sos.
1033 1848 1267 1889 Servaveris:

163 1898 267 1936 Nam
288 1899 485 1938 continuas
502 1898 571 1936 has
589 1898 678 1936 treis
696 1905 823 1937 noctes
840 1899 1073 1951 pei-vigilavi.

836 1955 967 1991 Mero.
994 1954 1275 1996 Paesumum'st

161 2003 354 2043 Facinus!
386 2005 560 2056 nequiter
578 2004 688 2044 ferire
702 2005 847 2044 malam
862 2007 963 2045 male
981 2006 1105 2058 discis,
1125 2022 1277 2049 manus.

161 2057 256 2096 Alia
275 2059 399 2096 forma
417 2066 563 2110 oportet
577 2072 669 2105 esse,
689 2072 805 2110 quem
824 2067 867 2097 tu
885 2072 1016 2111 pugno
1033 2061 1178 2114 legeris.
1201 2065 1276 2103 160

163 2114 246 2153 Sos.
276 2112 362 2151 Illic
379 2112 495 2150 homo
514 2125 576 2151 me
594 2112 850 2163 interpolabit,
877 2126 1086 2166 meumque
1103 2128 1143 2154 os
1161 2116 1278 2169 finget

318 2165 456 2204 denuo.
