1412 2427
264 54 642 95 AMPHITRUO.
669 56 747 96 IV.
776 55 1040 109 [Supposita]
1151 61 1203 98 59

91 161 237 212 Amph.
267 160 370 199 Item
393 159 513 209 aliud,
537 167 582 199 ut
602 162 699 199 bene
718 168 967 200 nummatum
995 170 1203 202 servaretur

249 225 505 265 marsuprum.

87 270 187 320 Jup,
218 267 319 315 Quae
335 267 506 319 pecuniae
520 269 538 306 ,⁹

191 323 331 371 Bleph.
363 321 466 359 Tace
488 321 539 359 515
562 328 632 359 tu:
656 333 786 359 meum
807 321 855 359 ’st
873 335 1052 373 quaerere.
1091 323 1202 362 Scisti

245 374 480 413 numerum?
1149 379 1200 415 40

85 431 185 479 Jup.
216 429 380 467 Talenta
399 428 678 480 quinquaginta
700 428 845 468 Attica.

250 483 390 532 Bleplz.
422 483 500 521 Hic
520 482 754 522 examussim
772 496 854 521 rem
873 491 1037 524 enarrat.
1066 484 1122 523 Et
1141 492 1198 533 tu,

82 536 192 585 Quot
209 535 434 587 Philippei?

246 591 395 641 Amph.
425 590 519 628 Duo
537 590 672 629 millia.

414 647 450 683 J
450 659 513 695 up
547 645 667 684 Oboli
684 658 772 684 vero
790 645 849 684 bis
868 646 1040 684 totidem.

739 716 755 722 ⁴
780 732 796 738 ff.
918 702 1000 738 Sos.
1030 700 1201 751 Uterque

87 752 190 791 Rem
217 759 321 792 tenet
346 753 477 805 probe.
519 752 664 791 Intus'
652 766 694 791 m
719 743 898 792 crumena
917 755 1089 792 clausum
1107 754 1201 791 alte-

241 820 330 845 rum
349 820 427 846 esse
444 807 624 858 oportuit.

78 862 181 912 Jup.
223 861 394 900 Attende
423 860 496 899 515.
538 860 611 898 hac
641 861 797 900 dextera
828 862 890 914 (ut
919 860 1038 911 nosti)
1072 874 1201 913 regem

242 915 407 953 mactavi
426 914 643 962 Pterelam3

69 969 213 1020 Spolia
233 969 382 1014 ademi;
406 976 442 1007 et
466 976 651 1020 pateram,
674 969 753 1020 qua
781 969 846 1007 1118
869 976 1000 1021 potare
1022 968 1199 1017 solitu'st,

242 1023 283 1060 in
302 1023 447 1061 cistella
1145 1025 1197 1061 45

81 1076 229 1114 Pertuli
239 1090 249 1113 :
263 1076 363 1114 dono
373 1075 485 1114 uxori
491 1088 587 1113 meae
594 1075 695 1123 dedi,
705 1076 981 1127 quicumhodie
990 1077 1096 1115 domi
1106 1077 1198 1126 lavi,

82 1130 326 1175 Sacruficavi,
346 1130 474 1168 cubui.

190 1184 338 1233 Amph.
369 1182 449 1220 Hei
471 1181 593 1220 mihi!
626 1182 721 1234 quid
743 1183 884 1222 audio?
915 1184 980 1222 vix
1010 1183 1114 1234 apud
1136 1196 1199 1222 me

243 1249 353 1275 sum:

82 1290 260 1342 vigilans
279 1290 423 1351 quippe
442 1290 613 1328 dormio:
650 1290 810 1342 vigilans
831 1290 1004 1338 somnio,
993 1305 1003 1314 ·
1034 1290 1144 1329 vivus
1163 1298 1200 1329 et

245 1356 358 1382 sanus
376 1345 532 1382 intereo.

82 1399 170 1450 Ego
197 1397 301 1435 idem
331 1397 397 1435 ille
428 1410 515 1435 sum
538 1398 791 1448 Amphitruo,
820 1398 1096 1450 GorgophoneS
1129 1411 1196 1438 ne
1244 1395 1395 1415 a«,

240 1464 322 1502 pos,
342 1451 546 1502 imperator
570 1451 846 1490 Thebanorum

79 1504 136 1544 Et
164 1505 338 1545 Creontis
366 1505 518 1552 unicus,
557 1505 813 1544 Teleboarum
849 1506 1082 1558 perduellis;
1130 1507 1198 1557 qui

241 1559 461 1598 Acarnanes
1143 1562 1196 1598 50

78 1613 134 1652 Et
153 1613 324 1665 Taphios
343 1613 381 1650 vi
399 1612 486 1659 vici,
506 1620 543 1651 et
562 1613 714 1651 summa
733 1627 860 1665 regem
883 1615 1022 1653 virtute
1045 1614 1196 1652 bessica.

79 1667 206 1706 misce
223 1666 376 1718 praefeci
395 1666 626 1718 Cephalum,
647 1668 779 1718 magni
798 1668 962 1707 Deionei
981 1668 1118 1706 filium.

74 1724 113 1760 J
112 1735 177 1771 up.
207 1722 295 1772 Ego
313 1720 416 1758 idem
434 1720 598 1759 latrones
616 1721 757 1759 hosteis
775 1721 875 1760 bello
894 1730 933 1760 et
950 1722 1089 1760 virtute
1108 1733 1197 1761 con-

242 1774 338 1812 tudi.

77 1828 348 1880 Electryonem
376 1827 630 1880 perdiderant,
662 1836 799 1867 nostrae
821 1837 857 1867 et
885 1841 1086 1880 germanos
1107 1841 1197 1867 con-

77 1937 283 1982 Achaiam,
304 1935 506 1984 AEtoliam,
533 1936 756 1984 Phocidem,
777 1950 844 1989 per
866 1937 963 1976 freta
981 1937 1138 1975 Io‘nium
1161 1944 1197 1974 et

238 1990 420 2040 AEgaeum
441 1998 477 2028 et
497 1990 691 2029 Creticum
1144 1993 1195 2027 55

76 2045 235 2096 Vagati,
255 2044 293 2083 vi
312 2045 510 2082 vertebant
527 2044 698 2095 piratica.

469 2099 615 2148 Amph.
644 2097 714 2136 Dii
731 2099 990 2137 immortales!
1022 2098 1198 2135 mihimet

80 2153 171 2191 Non
196 2152 332 2197 credo;
362 2151 416 2190 ita
438 2152 581 2200 omnia,
614 2165 702 2204 qua:
726 2153 825 2190 sacta
848 2153 940 2201 illic,
965 2151 1198 2190 examussim

235 2206 417 2257 loquitur.
465 2205 580 2251 Vide,
