1412 2427
194 40 274 78 200
489 37 832 79 BACCHIDES.
862 39 936 77 IV.
966 41 1006 77 4.

194 147 252 183 M
252 156 329 183 nes.
358 144 386 167 “
406 143 666 185 Mnesilochus
684 147 844 185 salutem
862 145 952 184 dicit
969 157 1038 184 suo
1055 144 1196 196 patri.”

707 201 802 238 Chr.
830 199 1018 237 Adscribe
1030 199 1102 237 hoc
1120 198 1218 237 cito:
1248 197 1299 235 82

196 253 224 273 “
250 251 456 303 Chrysalus
479 253 576 291 mihi
598 266 718 304 usque
736 253 888 304 quaque
906 252 1074 303 loquitur
1097 264 1166 290 nec
1190 261 1301 300 recte,

381 313 473 354 ater,

196 357 300 405 Quia
327 319 396 397 tillii
421 372 556 397 aurum
578 359 738 409 reddidi,
769 367 806 398 et
827 359 918 410 quia
941 371 1018 397 non
1043 366 1080 396 te
1105 356 1306 396 defrauda-

357 412 514 450 vernn.”

198 466 306 503 Pist.
336 465 469 509 Mane,
490 466 584 503 dum
603 465 741 504 scribit.

279 520 376 557 Clzr.
407 519 576 557 Celerem
595 527 741 570 oportet
762 531 839 557 esse
857 518 1035 557 amatoris
1051 529 1224 555 manum.
1253 518 1305 556 85

198 573 300 610 Pist.
316 572 449 623 Atque
466 572 567 610 idem
587 574 604 623 (
617 571 758 622 hercle)
772 580 826 611 est
844 571 893 610 ad
911 571 1155 624 perdundum
1168 571 1310 622 magis,

357 639 474 676 quam
494 625 542 663 ad
562 626 824 672 scribundum,
844 625 954 664 citus.

199 680 333 718 Mnes.
362 679 561 731 Loquere:
591 678 662 716 hoc
676 679 858 731 scriptum
877 686 943 718 est.

586 733 684 770 Chr,
712 735 741 755 ‘⁶
762 734 892 780 Nunc,
911 739 1017 783 pater
1035 732 1104 778 mi,
1124 731 1247 782 proin’
1267 738 1310 770 tu

685 787 733 824 ab
753 798 796 824 eo
814 793 857 823 ut
876 799 1005 824 caveas
1023 785 1107 832 tibi,

199 838 472 890 Sycophantias
486 838 692 889 componit,
712 852 849 876 aurum
869 847 913 877 ut
931 841 998 877 abs
1017 838 1080 877 ted
1097 838 1267 876 auferat:

197 893 252 930 Et
270 892 437 942 profecto
455 905 494 930 se
511 892 728 930 ablaturum
748 892 856 930 dixit.
861 893 885 909 '’
929 892 1048 930 Plane
1066 891 1281 930 adscribito.

203 947 337 984 Mncs.
366 945 442 984 Dic
460 944 587 983 modo.

479 999 575 1037 Chr.
603 1000 633 1020 ‘⁶
652 998 786 1050 Atque
802 998 842 1036 id
859 997 1057 1050 pollicetur
1074 1010 1113 1036 se
1130 997 1311 1037 daturum

571 1064 708 1089 aurum
726 1052 838 1097 mihi,
1257 1053 1310 1091 90

202 1105 319 1154 Quod
344 1105 432 1144 dem
457 1104 598 1153 scortis,
625 1105 804 1156 quodque
830 1105 870 1143 in
896 1104 1025 1144 lustris
1050 1104 1254 1152 comedim,
1279 1111 1316 1143 et

361 1171 606 1210 congraecem‚
625 1166 743 1210 pater.

202 1212 292 1261 Sed,
327 1220 447 1264 pater,
478 1211 563 1250 vide
593 1223 642 1250 ne
672 1212 742 1251 tibi
769 1211 881 1251 hodie
911 1213 1025 1251 verba
1052 1211 1116 1251 det
1129 1226 1141 1250 ε
1170 1224 1314 1264 quaeso,

362 1265 491 1305 cave.’'

202 1322 262 1359 M
261 1333 337 1358 nes
367 1321 542 1371 Loquere
560 1332 685 1369 porro.

315 1374 412 1414 Chr.
441 1372 630 1411 Adscribe
648 1372 756 1410 dum.

383 1428 442 1465 M
440 1439 517 1464 nes
543 1426 676 1464 Etiam
693 1426 861 1477 loquere,
876 1425 975 1486 quid
994 1425 1169 1469 scribam
1188 1424 1316 1463 modo.

207 1480 303 1519 Chr.
330 1481 360 1502 ‘⁶
379 1479 468 1523 Sed,
487 1486 608 1530 pater,
638 1479 741 1530 quod
764 1479 969 1531 promisisti
993 1478 1105 1527 mihi,
1131 1486 1169 1516 te
1188 1491 1317 1529 quaeso

367 1540 412 1571 ut
429 1532 660 1580 memineris,

205 1586 269 1625 Ne
287 1586 399 1625 illum
426 1587 620 1630 verberes;
650 1598 782 1624 verum
808 1585 912 1637 apud
938 1593 975 1625 te
1002 1585 1173 1624 vinctum
1199 1598 1316 1624 asser-

364 1646 450 1678 vato
468 1639 616 1677 domi.''
628 1661 681 1667 —
1261 1641 1313 1678 95

206 1692 311 1732 Cedo
330 1700 372 1731 tu
385 1705 521 1753 ‘ceram‘
533 1705 576 1731 ac
592 1692 718 1731 linum
742 1699 926 1732 actutum.
965 1692 1069 1744 Age,
1089 1692 1230 1744 obliga,
1249 1694 1318 1732 ob-

424 1759 447 1783 n
511 1752 576 1783 ιω.

206 1801 340 1837 Mne&
360 1759 555 1891 35³5&ss
563 1799 655 1851 quid
671 1799 752 1838 istis
765 1799 814 1838 ad
827 1800 952 1839 istunc
965 1799 1085 1839 usu'st
1102 1798 1322 1851 conscriptis

458 1866 527 1890 um
540 1880 549 1888 .

205 1906 264 1946 Ut
281 1865 418 1997 tibi}
436 1906 531 1985 quaid
548 1906 686 1954 credat,
707 1913 821 1958 atque
838 1915 883 1946 ut
908 1907 1079 1946 vinctum
1098 1914 1135 1945 te
1160 1913 1324 1946 asservet

208 2014 305 2053 Chr.
330 1972 548 2061 Quiamlttiihi
565 2013 619 2053 ita
637 2014 755 2053 lubet.
786 2014 929 2054 Poti’n'
947 2022 991 2054 ut
1009 2027 1115 2055 cures
1137 2021 1187 2062 te,
1208 2020 1322 2066 atque

367 2079 414 2105 ne
433 2081 566 2118 parcas
583 2068 710 2106 mihi?
1265 2069 1319 2106 99

207 2120 302 2159 Me&
314 2120 453 2160 fiducia
465 2134 560 2173 opus
579 2121 744 2161 conduxi
757 2137 769 2170 ς
792 2131 828 2162 et
844 2136 930 2164 meo
944 2123 1110 2176 periculo
1125 2134 1204 2161 rem
1223 2134 1325 2172 gero.
