1412 2427
398 47 741 88 BAccHIDES.
769 49 848 88 IV.
874 51 912 88 4.
1141 50 1215 89 195

107 153 223 192 Hanc
241 152 418 200 abducet,
438 153 527 192 scio.

369 208 474 246 Pist.
503 206 546 246 Si
564 207 660 245 mihi
677 208 740 255 sit,
760 219 837 245 non
856 207 1046 259 pollicear.

715 263 848 300 Mnes.
876 262 987 308 Scio;
1016 262 1133 301 darae.
1163 263 1212 300 21

104 312 220 351 Novi.
261 311 351 361 Sed,
370 312 443 351 11151
461 326 580 363 amae,
605 325 682 353 non
706 314 869 354 haboem
894 315 966 354 tibi
986 315 1103 354 fidem
1131 324 1215 354 tan-

262 374 356 404 tam.

102 420 221 458 Nunc
237 420 359 470 agitas
378 427 435 459 sat
452 428 533 460 tute
551 430 705 460 tuarum
723 435 875 461 rerum:
905 435 1024 473 egone
1042 430 1086 460 ut
1104 435 1216 473 opem

105 526 224 564 Ferre
242 534 376 578 putem
394 539 504 578 posse
521 527 674 579 inopem
692 528 760 568 te?

236 582 344 618 Pist.
371 581 476 619 Tace
492 581 629 620 modo:
660 582 768 622 Deus
785 583 958 635 respiciet
973 595 1043 622 nos
1061 582 1216 635 aliquis.

102 635 162 672 M
161 645 236 672 taes
265 634 422 685 Nugae.
413 635 423 660 l

263 689 371 728 Pist.
398 687 532 728 Mane.

370 743 430 780 M
429 754 506 780 nes.
535 742 643 790 Quid
662 750 717 781 est
733 746 751 782 ἓ

513 798 618 835 Pist.
641 797 772 836 Tuam
786 798 936 848 copiam
950 810 1078 837 ecoem
1092 797 1218 848 Chry-

610 850 736 889 salum
754 851 880 890 video.
1166 853 1218 888 25

345 1005 531 1045 ACTUS
561 1005 638 1044 IV.
693 1005 881 1046 SCENA
908 1007 985 1046 IV.

132 1113 426 1152 CHRYSALUS.
463 1112 821 1151 szsuocncs.
862 1114 1194 1153 P1sTOCLERUS.

107 1220 205 1259 Chr.
224 1218 343 1257 Hunc
361 1219 555 1258 hominem
570 1219 676 1258 decet
692 1233 785 1259 auro
799 1220 986 1273 expendi:
1007 1219 1097 1258 huic
1115 1218 1221 1258 decet

264 1280 427 1312 statuam
445 1282 563 1312 statm
579 1286 627 1312 ex
646 1286 762 1312 auro:

103 1326 211 1365 Nam
237 1325 382 1378 duplex
405 1327 519 1366 hodie
546 1326 692 1366 facinus
719 1327 816 1373 feci3
845 1326 1061 1379 duplicibus
1088 1326 1219 1378 spoliis

275 1393 362 1418 sum
376 1381 543 1419 affectus.

103 1437 256 1476 Herum
274 1435 470 1483 majorem·
475 1446 608 1472 meum
626 1440 672 1472 ut
689 1446 758 1485 ego
775 1434 888 1473 hodie
904 1434 979 1474 lusi
996 1433 1147 1485 lepide!
1175 1440 1220 1472 ut

258 1487 475 1526 ludjficatus
494 1487 571 1526 est¹

103 1541 300 1582 callidum
327 1553 455 1580 senem
482 1540 628 1579 callidis
654 1540 751 1594 dolis
775 1541 960 1593 compuli,
986 1547 1024 1580 et
1052 1539 1220 1592 perpuli,

263 1593 360 1633 mihi
378 1594 507 1632 omnia
524 1602 568 1632 ut
587 1586 764 1634 erederet.

102 1649 147 1688 N
148 1660 222 1688 unc
240 1648 386 1687 amanti
402 1647 507 1696 hero,
528 1647 606 1686 filio
624 1648 736 1698 senis,
756 1648 916 1700 qmcum
930 1660 1001 1700 ego
1014 1648 1117 1697 bibo,
1132 1646 1221 1699 qui-

265 1714 354 1740 cum
373 1701 457 1748 edo,
477 1709 515 1740 et
533 1714 636 1750 amo,
1192 1703 1219 1738 5

105 1755 247 1807 Regias
274 1754 399 1806 copias
426 1767 634 1806 aureasque
658 1754 794 1804 obtuli,
823 1762 867 1794 ut
894 1755 1010 1794 domo
1039 1760 1217 1802 sumeret,

267 1820 342 1846 neu
360 1807 451 1846 foris
468 1816 662 1858 quaereret.

107 1863 201 1902 Non
222 1861 320 1900 mihi
343 1860 405 1898 isti
432 1861 584 1912 placent
608 1862 879 1911 Parmenonoe,
907 1861 1009 1914 Syri,
1033 1861 1101 1913 qui
1124 1860 1220 1899 duas

264 1922 332 1953 aut
351 1914 440 1952 treis
457 1914 581 1952 minas

107 1968 305 2009 Auferunt
321 1967 433 2006 heris.
463 1967 641 2018 Nequius
658 1968 756 2007 nihil
772 1975 842 2018 est,
862 1981 981 2021 quam
999 1980 1113 2020 egens
1132 1979 1220 2006 con-

265 2022 326 2060 sili
346 2033 487 2069 servus,
506 2020 579 2059 11151
595 2021 711 2060 habet

110 2074 368 2127 Multipotens
391 2083 547 2126 pectus.
582 2075 815 2127 ubicumque
838 2088 932 2115 usus
961 2075 1045 2123 siet,
1076 2080 1225 2126 pectore

270 2135 468 2180 expromat
486 2139 565 2166 suo.
