1412 2427
181 61 259 98 322
470 61 873 100 CISTELLARIA.
903 63 938 100 1.
971 62 1004 99 1.

183 167 396 220 Multisque
414 168 568 218 damno,
589 176 625 208 et
643 169 738 207 mihi
756 169 874 217 lucro,
895 168 974 208 eine
1000 181 1086 207 meo
1105 172 1202 219 saepe
1219 168 1290 207 eris

341 232 483 259 sumtu.
1238 223 1289 258 52

183 275 299 326 Gym.
330 275 399 313 Dii
416 274 550 314 faxint.

449 330 569 367 Lena.
598 329 688 368 Sine
706 329 819 381 oper&
838 327 919 377 tufi,
946 328 1042 367 nihil
1062 327 1130 366 Dii
1147 328 1292 366 horunc

554 382 676 421 facere
693 389 866 434 possunt.

183 439 218 475 G
220 449 300 486 ψη.
331 435 540 487 Equidem,
573 435 741 488 (hercle)
779 435 917 473 addam
958 448 1112 486 operam
1150 434 1293 473 sedulo.

343 489 418 528 Sed
436 489 529 541 quid
548 497 589 527 tu
608 490 706 526 inter
724 490 826 527 istaee
844 491 971 536 verba,

182 543 298 582 Meus
318 543 461 590 oculus,
478 556 562 581 mea
581 542 799 582 Silenium?
829 542 937 593 quid,
954 541 1058 589 cedo,
1074 549 1112 580 te
1124 542 1292 588 obsecro,

342 604 420 634 tam
439 597 613 635 abhorret
1242 595 1294 631 55

184 649 404 688 Hilaritudo
419 652 436 688 Ρ
465 662 664 701 nunquam
683 662 752 701 ego
767 649 844 688 vidi
863 649 925 687 ted
944 661 1022 687 esse
1039 648 1240 686 tristiorem
1254 661 1266 685 ε

184 704 321 755 Neque
338 703 483 741 munda
501 703 658 755 adaeque
677 716 729 753 es,
748 711 793 741 ut
810 702 919 743 soles.
975 702 1077 751 Hoc,
1098 701 1161 750 sis,
1182 700 1292 739 vide:

341 764 385 794 ut
431 756 536 794 etlvit

185 770 494 861 Suspiriumpaloe
512 810 522 847 !
555 810 609 848 Et
622 809 766 862 pallida
784 823 834 848 es.
881 808 1072 860 Eloquere
1089 813 1297 859 utrumque

342 862 464 911 nobis,

182 916 237 955 Et
263 915 355 968 quid
380 916 449 953 tibi
479 922 547 964 est,
574 923 611 954 et
631 915 724 967 quid
751 915 842 954 velis
865 921 1033 953 nostram
1055 926 1224 966 operam,
1253 922 1297 953 ut

342 981 411 1007 nos
430 981 603 1007 sciamus.

185 1023 292 1070 Noli,
324 1023 489 1070 obsecro,
521 1022 698 1073 lacrymis
737 1021 812 1060 tuis
848 1020 945 1058 mihi
982 1019 1189 1059 exercitum
1219 1021 1294 1059 im-

342 1088 487 1126 perare,
1236 1075 1289 1114 60

182 1131 287 1169 Mea.

304 1184 376 1222 Sil.
404 1182 628 1230 Excrucior,
658 1195 744 1221 mea
763 1182 1046 1234 Gymnasium3
1074 1183 1176 1221 male
1197 1181 1294 1220 mihi

444 1245 522 1282 est3
553 1237 654 1275 male
671 1249 838 1276 maceror
850 1252 863 1285 ;

183 1290 308 1329 Doleo
326 1292 374 1328 ab
394 1290 547 1337 anim03
578 1290 686 1330 doleo
704 1292 752 1329 ab
771 1289 914 1336 oculis3
944 1289 1052 1329 doleo
1070 1290 1118 1329 ab
1137 1288 1291 1340 aegritu-

342 1344 443 1383 dine.

180 1397 288 1445 Quid
305 1397 459 1436 dicam?
488 1397 559 1436 nisi
578 1398 739 1436 stultitia
752 1397 839 1436 me'iz
853 1397 967 1436 mein
983 1408 1181 1435 moerorem
1199 1395 1294 1447 rapi.

182 1453 301 1500 (ἔφη.
334 1451 526 1498 Indidem,
555 1452 657 1490 unde
676 1452 806 1501 oritur,
827 1451 940 1490 facito
957 1458 1002 1489 ut
1025 1450 1140 1488 facias
1167 1449 1295 1488 stulti-

339 1505 432 1542 tiam
452 1505 697 1556 sepelibilem.

179 1559 250 1596 Sil.
285 1557 393 1605 Quid
411 1558 547 1596 faciam
563 1561 580 1596 ‚⁹

441 1613 560 1661 Gym.
588 1612 637 1650 In
654 1612 817 1650 latebras
836 1609 1042 1665 abscoudas
1057 1616 1208 1661 pectore
1225 1622 1292 1661 pe-

552 1665 763 1702 nitissumo.
1240 1664 1291 1701 65

181 1718 309 1756 Tuam
347 1717 546 1757 stultitiam
576 1717 657 1756 sola
680 1718 793 1757 facito
816 1725 860 1756 ut
889 1717 997 1765 scias,
1024 1716 1103 1755 sine
1121 1716 1204 1755 aliis
1229 1729 1292 1755 ar-

339 1772 457 1810 bitris-

501 1826 574 1864 Sil.
602 1826 661 1863 At
678 1825 774 1863 mihi

181 1877 401 1917 Cor-dolium
423 1877 483 1916 'st-

419 1934 536 1981 Gym.
560 1932 667 1980 Quid
686 1932 754 1970 id?
782 1931 884 1970 unde
902 1938 958 1970 est
975 1931 1046 1971 tibi
1065 1930 1289 1979 cordolium,

527 1998 796 2032 commemora,
815 1987 966 2025 obsecro
979 1988 998 2024 Ρ

182 2038 299 2085 Quod
317 2051 440 2090 neque
453 2052 523 2090 ego
535 2039 670 2086 habeo,
690 2051 814 2091 neque
827 2039 1029 2091 quisquam
1049 2038 1126 2077 alia
1136 2037 1288 2084 mulier,
1352 2060 1355 2061 ν

341 2101 381 2130 ut
401 2092 597 2142 perhibent
616 2093 699 2130 viri.
