1412 2427
363 45 666 84 ASINARIA.
694 46 754 83 11.
782 49 820 84 4.
1090 47 1140 90 87

277 204 466 245 ACTUS
495 203 554 243 II.
610 203 796 243 SCENA
827 204 903 242 IV.

162 311 400 349 LssomnA.
459 311 746 350 MERCATOR.
799 311 1025 350 LIBANUS.

35 420 153 456 Leon.
181 418 290 466 Quid
306 418 379 457 hoc
397 419 446 457 sit
463 419 621 470 negoti?
641 419 834 457 neminem
853 431 984 456 meum
1003 418 1148 456 dictum

195 472 447 523 magnifacere
463 475 481 511 Ρ

36 525 232 564 Libanum
257 527 297 563 in
320 526 543 585 tonstrinam
565 534 609 564 ut
632 527 820 576 jusseram
842 525 983 573 venire,
1003 525 1036 562 is
1062 525 1150 562 nul-

36 633 111 671 Nae
136 579 402 723 Μζῖεέἓέἑῖ)
432 641 537 684 tergo
565 642 603 672 et
629 633 802 672 cruribus
830 632 1020 671 consuluit
1045 631 1150 670 haud

36 741 168 778 Merc.
198 699 616 790 hffi·imperiosu’st.

417 795 558 832 Liban.
586 793 659 833 Vae
675 793 774 833 mihi
793 794 933 832 hodie!

733 849 853 886 Leon.
881 847 1033 887 Salvere
1054 847 1152 897 jussi

39 900 238 940 Libanum
255 900 462 940 libertum!
490 902 573 951 jam
590 914 708 940 manu
729 902 918 940 emissus?

690 957 831 993 Liban.
860 954 1029 993 Obsecro
1047 963 1098 992 te.
1128 956 1153 991 5

39 1010 159 1047 Leon.
190 1007 279 1056 Nae,
300 1015 342 1047 tu
359 1007 532 1069 (bercle)
553 1020 794 1060 cummagno
812 1008 916 1047 malo
933 1008 1031 1046 mihi
1048 1007 1155 1046 obvi-

200 1073 264 1098 am
283 1070 479 1100 occesmstr.

43 1115 123 1153 Cur
141 1125 218 1151 non
236 1115 387 1163 venisti,
407 1123 450 1152 ut
464 1116 665 1164 jusseram,
685 1116 726 1154 in
745 1115 1002 1154 tonstrinam?

594 1170 734 1207 Liban.
763 1170 841 1207 Hic
859 1182 922 1206 me
941 1166 1102 1205 moratu‘
1107 1174 1152 1205 st.

45 1223 162 1260 Leon.
191 1220 389 1272 Siquidem
412 1220 580 1271 (hercle)
604 1234 707 1260 nunc
735 1235 932 1261 summum
957 1221 1093 1259 ‘lovem
1120 1229 1156 1258 te

203 1273 303 1312 dicas
322 1274 541 1322 detinuisse,

41 1327 174 1380 Atque
203 1327 236 1365 is
259 1336 430 1378 precator
457 1329 582 1378 assiet,
606 1329 751 1368 malam
774 1341 856 1368 rem
878 1327 1035 1380 effugies
1060 1339 1158 1366 nun-

201 1394 333 1432 quam.

42 1435 123 1484 Tu,
143 1435 311 1482 verbero,
330 1434 537 1486 imperium
555 1448 688 1474 meum
706 1435 966 1490 contemsisti?

579 1491 720 1528 Liban.
746 1489 877 1528 Perii!
908 1488 1073 1540 hospes!
1107 1487 1157 1526 10

43 1545 173 1582 Mero.
191 1542 347 1590 Quam,
366 1540 537 1594 (hercle)
551 1543 645 1591 noli,
659 1544 815 1592 Saurea,
828 1543 914 1582 mea
928 1542 1042 1582 causa
1055 1542 1160 1580 hunc

203 1598 408 1635 verberare.

46 1652 166 1689 Leon-
190 1649 353 1688 Utinam
371 1661 475 1688 nunc
493 1649 672 1688 stimulus
691 1649 731 1687 in
751 1663 869 1689 manu
888 1650 986 1687 mihi
1004 1649 1076 1688 sit!

661 1705 719 1741 M
717 1717 792 1742 erc
820 1704 997 1752 Quiesce,
1018 1715 1159 1753 quaeso.

47 1763 165 1800 Leon.
212 1758 296 1807 Qui
331 1758 450 1796 latera
485 1764 677 1795 conteram
712 1765 793 1805 tua,
831 1770 919 1810 quae
954 1757 1163 1795 occalluere

205 1811 356 1872 Ρ133ἰ3

47 1866 234 1915 Abscede,
265 1873 302 1903 et
328 1876 473 1954 smeh
428 1877 491 1902 me
511 1863 615 1903 hunc
641 1864 810 1915 perdere,
833 1864 901 1916 qui
922 1876 1071 1915 semper
1098 1875 1161 1900 me

207 1920 265 1958 ira
282 1918 389 1955 incen
433 1926 474 1962 ες

47 1974 155 2023 Quoi
178 1983 379 2023 nunquam
397 1983 515 2008 unam
534 1983 615 2009 rem
633 1983 697 2010 me
720 1971 810 2010 licet
827 1971 945 2010 semel
962 1970 1164 2058 praecipelre

209 2027 300 2073 furi,
1139 2035 1163 2058 ο

50 2081 158 2129 Quin
190 2079 330 2120 centies
361 2077 492 2115 eadem
521 2077 722 2128 imperem,
760 2088 875 2130 atque
906 2076 1162 2129 ogganniam·

211 2133 340 2184 itaque
354 2132 436 2181 jam
457 2130 620 2182 (hercle)
