1412 2427
406 62 706 101 ASINARIA.
737 61 770 99 Ι.
800 61 838 97 2.
1127 59 1179 102 73

336 226 522 265 ACTUS
553 226 587 263 Ι.
643 223 828 264 SCENA
858 222 917 260 11.

464 333 786 370 ARGYRIPPUS.

65 439 211 479 Siccine
228 440 300 480 hoc
318 441 393 479 fit?
422 440 521 479 foras
539 439 683 477 aedibus
701 451 764 477 me
783 438 897 488 ejici?

71 494 310 533 promerenti
327 503 484 556 optume
500 492 656 531 hoccine
674 493 771 543 preti
790 492 991 530 redditur?

68 547 177 586 Bene
194 549 354 587 merenti
372 547 475 586 mala
492 560 545 594 es,
564 546 665 584 male
684 545 845 583 merenti
862 547 962 584 bona
980 557 1043 589 ὥς

68 601 126 639 At
143 601 247 639 malo
265 612 354 640 cum
372 608 465 639 tuo:
497 612 587 638 nam
601 600 685 649 jam
706 612 754 637 ex
772 599 844 637 hoc
861 599 944 637 loco

68 654 143 693 Ibo
161 667 231 705 ego
244 655 293 693 ad
314 655 525 701 Traeviros‚
543 661 742 703 vestraque
760 651 815 690 ibi
832 651 1004 697 nomina,
1147 651 1171 687 5

69 708 193 755 Fam,
213 715 324 746 erunt
340 723 351 746 ε
382 708 516 759 capitis
533 714 570 745 te
587 706 743 757 perdam
764 718 833 756 ego
851 712 888 743 et
906 705 1041 750 filiam,

73 760 837 812 Perlecebrae,pernicies‚ad01aeoents1m
857 759 1030 796 exitium.

69 814 177 853 Nam
196 827 301 853 mare
317 815 422 854 haud
441 822 496 853 est
512 826 626 857 mare,
652 825 717 851 vos
734 825 840 851 mare
858 823 1111 850 acerrumum.

68 867 206 907 Nam
194 881 234 906 ιιι
253 869 351 907 mari
368 868 503 920 reperi,
523 868 587 905 hic
606 866 702 904 elavi
719 866 840 904 bonis.

66 921 226 972 Ingrata
239 929 354 975 atque
370 922 477 960 irrita
494 934 574 960 esse
591 919 720 958 omnia
737 919 924 970 intelligo,
1133 917 1182 955 10

67 974 170 1022 Quae
187 974 285 1019 dedi,
307 983 345 1014 et
362 976 466 1028 quod
484 974 675 1014 benefeci.
705 980 746 1010 at
763 973 933 1024 posthac,
954 972 1025 1011 tibi

70 1027 180 1066 Male
203 1029 307 1080 quod
327 1037 458 1080 potero
479 1029 615 1075 facere,
639 1026 802 1071 faciam;
832 1026 1044 1077 meritoque
1065 1024 1105 1062 id
1126 1024 1183 1063 fa-

229 1083 328 1120 ciam
346 1090 426 1122 tuo.

69 1134 158 1186 Ego
175 1135 278 1186 (pol)
300 1143 337 1174 te
353 1135 524 1196 redigam
548 1134 679 1172 eodem
703 1132 804 1170 unde
825 1138 906 1170 orta
931 1145 982 1179 ω,
1007 1131 1055 1170 ad
1078 1143 1183 1182 egoe-

230 1189 319 1227 tatis
338 1189 531 1227 terminos.

69 1241 157 1293 Ego
177 1241 348 1294 (edepol)
366 1250 407 1280 te
433 1242 585 1289 faciam,
615 1248 672 1287 ut,
702 1253 788 1291 quae
816 1239 866 1277 sis
893 1250 1008 1284 nunc,
1035 1246 1072 1276 et
1096 1251 1183 1289 quae

233 1296 364 1342 fueris,
385 1296 490 1334 scias.

71 1349 183 1398 Quae,
207 1350 432 1401 priusquam
455 1348 569 1386 istam
597 1347 687 1393 adii,
712 1353 826 1397 atque
848 1357 981 1383 amans
1007 1357 1076 1396 ego
1102 1345 1185 1382 ani-

228 1415 338 1440 mum
357 1415 488 1441 meum
507 1400 570 1439 isti
588 1400 688 1445 dedi,
1133 1398 1182 1435 15

69 1456 230 1496 Sordido
248 1457 367 1494 vitam
385 1456 599 1494 oblectabas
617 1465 728 1504 pane,
749 1453 788 1490 in
807 1452 958 1502 pannis,
975 1452 1128 1503 inopia3

70 1511 215 1563 Atque,
237 1523 281 1548 ea
309 1511 339 1548 si
368 1517 488 1556 erant,
508 1520 668 1559 magnas
696 1507 860 1544 habebas
891 1506 1069 1544 omnibus
1096 1504 1185 1543 Diis

269 1572 392 1614 anas;

70 1576 392 1665 Eademgnrune,
366 1630 483 1670 quom
504 1623 559 1654 est
573 1614 724 1661 melius,
736 1626 814 1662 me,
828 1614 967 1664 quojus
981 1626 1096 1664 opera
1113 1618 1181 1659 est,

228 1671 393 1722 ignoras,
413 1670 528 1708 mala.

72 1723 250 1763 Reddam
281 1737 352 1776 ego
381 1734 432 1771 te,
471 1737 518 1762 ex
552 1722 647 1768 fera,
685 1721 786 1759 fame
817 1727 1082 1764 mansuetem3
1122 1731 1185 1757 me

232 1785 360 1829 specta
375 1777 501 1816 modo.

72 1832 193 1878 Nam,
223 1831 287 1869 isti
317 1831 421 1883 quod
449 1841 689 1869 succensaem
721 1828 809 1880 ipsi,
840 1826 937 1865 nihil
965 1834 1048 1865 ωτι
1089 1826 1186 1864 nihil

232 1884 444 1936 quidquam
462 1891 593 1922 meret.
1131 1881 1184 1917 20

76 1939 166 1977 Tuo
179 1938 299 1976 facit
284 1951 420 1987 Jussu;
438 1945 506 1976 tuo
523 1936 682 1989 imperio
698 1943 830 1988 paret:
851 1940 1042 1981 matertu,
1055 1932 1186 1971 eadem

233 1991 324 2030 hera
341 2005 393 2030 ee.

75 2045 423 2096 Teegoulcisoerz
454 2052 593 2095 teego,
613 2050 658 2082 ut
675 2043 791 2095 digna
810 2055 863 2090 es,
881 2041 1054 2093 perdam,
1074 2047 1189 2091 atque

285 2106 330 2136 ut
348 2098 395 2137 de
414 2111 476 2136 me
493 2110 625 2136 meres,

127 2163 225 2191 vot.
246 2163 275 2189 1.
1047 2158 1077 2183 n
