1412 2427
175 67 254 105 330
457 67 860 107 CISTELLARIA.
891 68 951 107 11.
982 70 1017 106 l.

189 173 297 210 Abi:
329 187 468 224 quaere,
488 175 555 213 ubi
573 184 639 213 tuo
653 174 818 224 jurando
833 176 911 225 juri
929 175 1019 214 satis
1036 174 1085 212 sit
1102 171 1247 212 subsidi
1262 185 1272 208 ε

192 226 273 264 Hic
290 227 393 277 apud
412 240 495 274 nos
514 228 812 277 Alcesimarche‚
831 228 1047 280 confregisti
1062 235 1253 266 toeseram·

192 281 279 317 Alc.
311 281 408 318 Face
427 282 543 320 semel
562 282 785 333 periculum.

405 336 504 372 Auel.
535 337 643 385 Saepe
662 335 757 379 feci;
789 334 891 386 quod
910 334 1054 375 factum
1072 345 1220 385 queror.
1248 332 1300 370 28

194 387 282 424 Alc.
317 387 450 426 Pedde
467 389 562 426 mihi
581 389 701 425 illam.

266 442 367 478 Mel.
400 441 503 479 Inter
522 454 658 480 novam
678 454 757 479 rem
777 443 934 479 verbum
954 441 1147 491 usurpabo
1165 446 1299 478 vetus:

189 492 307 540 Quod
325 493 426 540 dedi,
450 495 583 532 datum
609 507 682 532 non
715 494 874 532 vellem:
905 493 1009 545 quod
1032 494 1223 544 reliquum
1239 492 1303 536 ἐι,

352 559 424 585 non
445 548 553 586 dabo.
1247 545 1301 584 30

194 601 282 637 Alc.
310 601 400 638 Non
419 601 622 639 remissura
640 614 678 639 es
696 601 793 638 mihi
810 601 917 638 illam
932 603 949 639 ,⁹

685 656 785 692 Mel.
815 655 891 692 Pro
909 667 985 701 me,
1006 665 1204 705 responsas
1222 652 1305 692 tibi.

197 707 285 744 Alc.
315 707 403 745 Non
423 707 591 745 remittes
605 709 623 745 ‚⁹

278 762 377 798 Mel.
404 761 483 799 Scis
498 760 728 810 jamdudum
748 772 900 798 ornnem
920 773 1045 798 meam
1064 760 1303 799 sententiam.

195 815 282 851 Alc.
312 815 446 852 Sati'n'
467 815 563 852 istuc
583 814 650 851 tibi
669 814 707 851 in
728 814 836 852 corde
851 821 994 852 certum
1011 813 1088 852 'st?

525 869 625 905 Mel.
656 867 762 914 Quin
783 880 878 919 ego
871 875 1102 905 commentor
1119 867 1300 918 quidem·

198 921 288 958 Nor·
312 920 482 971 (edepol)
503 921 604 958 istaec
623 928 689 958 tua
707 920 807 958 dicta
825 932 926 958 nunc
944 921 985 958 in
1003 921 1126 959 aureis
1138 921 1287 972 recipio.

199 975 286 1011 Alc.
318 975 431 1011 Nor.
421 973 438 996 '²
467 973 581 1011 hem!
613 973 705 1024 quid
725 986 860 1024 agam.
851 976 867 1001 ⁹

355 1029 455 1065 Uel.
486 1027 610 1077 Igitur
628 1027 802 1064 animum
819 1027 984 1073 advorte,
1004 1034 1059 1071 ut,
1087 1027 1180 1079 quid
1198 1040 1302 1078 agas,

460 1081 564 1117 scias.
1250 1083 1303 1119 35

197 1135 284 1172 Alc.
315 1133 440 1171 Atita
457 1146 518 1171 me
538 1133 606 1171 Dii
634 1133 818 1185 Deaeque,
843 1133 969 1185 superi
993 1141 1107 1186 atque
1131 1133 1243 1173 inferi
1265 1142 1302 1173 et

351 1187 601 1233 medioxumi,

195 1241 258 1278 Ita
276 1253 350 1292 que
368 1254 430 1278 me
448 1241 476 1279 J
480 1253 556 1278 uno
574 1240 717 1292 regina,
737 1247 774 1278 et
792 1240 903 1279 Jovis
921 1241 1089 1292 supremi
1102 1241 1196 1289 filia,

194 1295 213 1332 Ι
219 1302 350 1345 ta-que
369 1308 430 1332 me
449 1295 648 1341 Saturnus,
669 1302 827 1345 patruus
846 1296 927 1344 ejus
947 1323 956 1332 .
976 1322 987 1332 .
1011 1324 1019 1333 .
1039 1321 1050 1331 .

859 1350 961 1386 Mel.
988 1349 1162 1397 Ecastor,
1182 1355 1300 1400 pater.

194 1402 280 1438 Alc.
316 1401 471 1452 Ita-que
491 1413 552 1439 me
572 1401 657 1452 Ops
677 1401 870 1451 opulenta,
890 1401 994 1440 illius
1014 1402 1099 1440 avia
1117 1429 1126 1439 .
1148 1429 1157 1439 .
1179 1429 1189 1440 .
1208 1428 1219 1438 .

702 1456 793 1492 Mel
833 1455 975 1499 Immo,
993 1463 1114 1494 mater
1131 1455 1301 1506 quidem.

193 1509 280 1546 Alc.
308 1509 336 1546 J
341 1520 416 1545 uno
444 1507 536 1554 filia,
568 1516 604 1546 et
631 1509 818 1547 Saturnus
849 1517 1021 1559 patruus,
1052 1516 1090 1547 et
1125 1521 1301 1547 summus

353 1561 508 1612 Jupiter
525 1589 534 1598 .
557 1589 566 1598 .
590 1591 598 1599 .
624 1589 634 1598 .
1248 1565 1300 1602 40

194 1615 258 1652 Tu
278 1628 339 1653 me
358 1614 523 1652 delenis:
555 1624 707 1667 propter
725 1622 762 1653 te
779 1614 859 1652 haec
877 1627 998 1666 pecco.

879 1670 980 1706 Mel.
1014 1670 1134 1720 Perge
1162 1669 1296 1708 dicere.

190 1722 278 1759 Alc.
305 1722 424 1760 Anne
441 1729 485 1759 ut
503 1722 632 1767 etiam,
653 1721 745 1772 quid
764 1722 981 1760 consultura
999 1722 1063 1769 sis,
1083 1723 1228 1761 sciam?

874 1777 974 1813 Mel.
1003 1776 1125 1828 Perge
1142 1776 1296 1828 eloqui:

190 1828 232 1866 N
233 1840 282 1866 on
301 1827 492 1866 remittam
511 1842 521 1865 :
552 1827 750 1866 definitum
770 1827 830 1866 ’st.

612 1882 701 1919 Alc.
730 1882 952 1930 Enimvero,
973 1883 1028 1921 ita
1045 1896 1108 1922 me
1125 1883 1295 1934 Jupiter,

189 1935 346 1986 Ita-que
361 1947 423 1972 me
436 1934 465 1972 J
467 1946 543 1972 uno
558 1943 593 1972 et
608 1935 819 1982 Saturnu53
848 1936 901 1974 ita
914 1962 926 1973 .
947 1964 958 1974 .
976 1963 985 1973 .
1005 1965 1014 1975 .
1031 1937 1139 1985 Quid
1156 1937 1297 1986 dioem,

350 2000 484 2026 nesclo.

186 2042 281 2080 Jam
300 2041 398 2080 scio:
430 2041 565 2089 immo,
584 2041 735 2091 mulier,
755 2042 860 2090 audi,
888 2055 1014 2082 mmm
1033 2051 1077 2082 ut
1100 2044 1193 2083 scias
1211 2056 1299 2083 sen-

346 2095 503 2133 tentiam
520 2109 531 2132 ε
1242 2099 1295 2135 45

183 2147 251 2186 Dii
270 2161 332 2188 me
351 2161 482 2188 omnes
500 2149 631 2200 magni
649 2149 865 2202 minutique
883 2157 920 2189 et
937 2151 1126 2202 patellarii
