1412 2427
176 33 257 70 280
544 33 769 73 CASINA.
798 32 856 71 11.
884 34 922 71 3.

236 139 355 177 Mur.
382 138 490 188 Quid
508 146 586 179 est.
576 142 594 168 ⁹

459 195 560 232 Cleo.
589 193 721 232 Hem!

501 248 618 285 Mur.
647 246 746 294 Quis
763 253 832 295 est,
848 258 961 297 quem
982 243 1083 283 vides
1097 245 1116 283 ἒ

767 301 869 338 Cleo.
898 299 983 346 vir,
1003 309 1149 344 eccum,
1167 295 1210 334 it.
1232 296 1285 339 37

184 352 291 390 Intro
307 351 393 390 abi:
422 365 642 405 appropera,
662 366 745 405 age,
765 353 927 391 amabo!

940 406 1057 442 Mur.
1088 403 1288 454 Impetras.

184 458 308 497 Abeo.

271 514 370 551 Cleo.
400 513 513 561 Mox,
533 514 656 564 magis
674 526 790 564 quom
810 513 930 551 otium
949 511 1045 549 mihi
1063 517 1100 548 et
1119 509 1187 548 tibi
1206 508 1287 553 erit,

187 565 308 616 Igitur
326 573 450 605 tecum
468 567 623 618 loquar:
657 579 760 605 nunc
779 567 874 604 vale.

779 621 836 657 M
837 633 896 658 ur.
927 620 1080 658 Valeas.
1241 615 1293 653 40

435 781 621 821 ACTUS
642 782 702 820 ΙΙ.
756 781 942 821 SCENA
963 779 1046 818 ΙΙΙ.

444 885 664 923 STALmo.
723 884 1045 922 CLEOSTRATA.

190 990 290 1028 Stal.
317 988 511 1028 Omnibus
529 992 640 1029 rebus
659 1003 728 1041 ego
745 1001 914 1027 amorem
934 988 1043 1027 credo
1061 994 1098 1026 et
1115 987 1299 1026 nitoribus

346 1042 474 1081 nitidis
493 1044 729 1090 antevenire3

190 1095 275 1133 Nec
291 1095 390 1145 potis
410 1096 620 1147 quidquam
638 1095 938 1144 commemorari,
959 1094 1062 1147 quod
1083 1094 1171 1146 plus
1196 1093 1298 1143 salis,

349 1149 511 1200 plusque
528 1150 678 1201 leporis,
699 1149 810 1188 hodie

191 1200 356 1239 Habeat.
419 1203 537 1241 Cocos
569 1204 745 1255 equidem
782 1202 896 1241 nimis
930 1201 1107 1249 demiror,
1139 1202 1208 1252 qui
1243 1207 1302 1239 tot

351 1263 512 1294 utuntur
529 1257 790 1304 condimentis,

192 1308 272 1346 Eos
300 1321 343 1347 eo
370 1309 610 1348 condimento
636 1323 714 1348 uno
741 1321 817 1348 non
853 1309 965 1357 utier,
993 1308 1172 1348 omnibus
1199 1306 1303 1359 quod

352 1370 518 1413 praestat.

192 1415 312 1464 Nam,
342 1416 410 1453 ubi
434 1429 540 1454 amor
557 1417 842 1455 condimentum
866 1415 991 1463 inerit,
1011 1414 1159 1466 quoivis
1186 1413 1304 1466 placi-

353 1476 484 1506 turum
503 1471 636 1509 credo:
1278 1470 1304 1504 5

193 1522 331 1573 Neque
360 1523 502 1560 salsum
530 1536 652 1574 neque
681 1536 796 1561 suave
823 1535 901 1561 esse
927 1528 1051 1573 potest
1075 1521 1302 1573 quidquam,

353 1576 421 1613 ubi
439 1589 546 1614 amor
562 1589 637 1614 non
657 1577 895 1614 admiscetur.

196 1628 265 1665 Fel
284 1628 386 1679 quod
411 1641 584 1666 amarum
604 1630 666 1677 ’st‚
694 1629 734 1667 id
760 1630 838 1667 mel
856 1628 991 1673 faciet3
1020 1627 1230 1676 hominem,
1257 1639 1305 1665 ex

356 1682 465 1728 tristi,
486 1682 658 1733 lepidum
678 1691 715 1721 et
732 1683 871 1720 lenem.

197 1734 311 1772 Hane
342 1747 411 1784 ego
442 1735 490 1773 de
520 1748 583 1773 me
613 1738 867 1785 conjecturam
903 1734 1009 1773 domi
1039 1734 1150 1781 facio,
1184 1734 1308 1784 magis

357 1801 473 1838 quam
492 1801 539 1826 ex
558 1789 720 1827 auditis:

198 1839 293 1888 Qui,
310 1849 512 1892 postquam
530 1855 616 1880 amo
632 1842 826 1887 Casinam,
846 1841 969 1892 magis
987 1840 1094 1879 initio
1112 1839 1310 1878 munditiis

355 1894 586 1932 munditiam
605 1896 765 1934 antideo.

198 1945 422 1997 Myropolas
440 1959 569 1986 omnes
593 1949 775 1996 sollicito;
798 1949 1032 2000 ubicumque
1057 1953 1113 1986 est
1137 1945 1311 1998 lepidum

360 2008 614 2051 unguentum,
634 2015 770 2053 ungor,
1262 1999 1312 2037 10

201 2053 258 2091 Ut
275 2053 333 2091 ini
349 2054 543 2115 placeam:
575 2063 611 2093 et
632 2055 776 2106 placeo,
795 2063 840 2095 ut
857 2055 1012 2123 videor:
1042 2054 1107 2094 sed
1133 2065 1232 2092 uxor
1249 2064 1313 2090 me

361 2107 563 2158 excruciat,
582 2109 674 2160 quia
691 2109 795 2148 vivit.
