1412 2427
165 19 243 58 288
526 21 754 60 CASINA.
781 20 840 59 11.
871 23 910 59 6.

163 123 272 162 Dum
292 125 386 164 mihi
404 126 520 174 volui,
543 127 666 218 huicm
649 127 754 166 dixi:
785 134 900 179 atque
921 125 1028 175 aden,
1054 127 1146 166 dum
1173 127 1269 166 mihi

163 230 192 269 J
194 191 412 271 stmdudtlllrld¹
414 193 450 285 o(
457 233 598 282 hercle)
617 233 778 272 fabulor.
1224 181 1272 217 15

399 288 500 326 Cleo.
530 287 616 334 Pol,
637 295 678 324 tu
697 286 876 338 quidem3
906 294 1021 338 atque
1039 287 1152 325 etiam
1170 286 1274 326 facis,

163 340 262 377 Stal.
289 339 408 386 Huic,
444 340 563 378 immo
596 340 761 385 (hercle)
792 340 898 377 mihi.
965 340 1078 379 Vah!
1119 341 1270 380 tandem

323 392 414 430 redii
434 393 497 431 vix
517 406 642 431 veram
662 394 700 430 in
721 393 834 431 viam.

168 447 270 484 Cleo.
296 446 371 484 Per
389 445 502 497 (pol)
525 459 622 497 saepe
643 459 784 496 peccas-

415 502 470 538 St
472 502 511 537 ιΙ
547 501 607 537 Ita
626 500 682 545 fit,
702 499 768 536 ubi
787 499 879 550 quid
899 507 1091 551 tantopere
1109 507 1274 552 expetas.

162 551 237 591 Sed
256 559 304 597 te,
325 560 483 604 uterque
503 566 572 592 suo
590 565 658 602 pro
673 554 773 601 jure,
794 566 862 604 ego
881 562 994 604 atque
1009 554 1070 592 hic
1088 567 1250 592 oramus.

933 609 1034 645 Cleo.
1063 607 1170 654 Quid
1189 607 1271 645 est?

164 660 261 697 Stal.
284 659 423 697 Dicam
443 660 555 704 enim,
575 672 660 697 mea
679 658 826 697 mulsa:
847 659 922 697 de
912 669 1005 698 lstac
1024 660 1164 698 Casina
1182 661 1271 698 huic

320 720 446 750 nostro
465 714 590 751 villico
1219 715 1272 751 20

163 763 336 802 Gratiam
357 766 484 804 facias.

297 820 398 857 Cleo.
428 820 485 856 At
508 820 606 869 (pol)
627 831 695 870 ego
714 830 835 870 neque
853 819 964 865 facio,
984 831 1108 871 neque
1126 832 1268 859 censeo.

162 871 258 908 Stal.
289 872 395 909 Turn
415 873 529 923 igitur
548 885 616 923 ego
635 872 763 910 sorteis
783 872 994 923 [utrimque
1009 874 1105 922 jam.
1125 900 1136 910 .
1159 901 1169 911 .
1191 873 1223 926 .]

887 927 988 964 Cleo.
1018 926 1119 973 Quis
1136 934 1237 965 vetat
1251 930 1269 966 Ρ

162 978 258 1015 Stal.
288 978 507 1029 Optumum
526 986 640 1028 atque
659 978 931 1028 aequissumum
951 979 1053 1016 istud
1071 991 1163 1028 esse,
1184 982 1270 1030 jure

328 1031 464 1070 'adico

162 1045 372 1132 Postremjo,
399 1085 431 1123 si
453 1085 558 1134 illuc,
579 1084 681 1136 quod
701 1084 892 1133 volumus,
913 1085 1069 1135 eveniet,
1088 1086 1271 1137 gaudebi-

325 1151 413 1176 mus
429 1153 439 1175 ε
1219 1141 1270 1177 24

157 1190 225 1227 Sin
245 1202 362 1234 secus,
383 1192 571 1242 patiemur
585 1192 722 1230 animis
742 1192 870 1243 aequis.
904 1193 1012 1231 Tene
1030 1200 1168 1231 sortem
1187 1193 1269 1232 tibi.

160 1243 261 1281 Vide
280 1244 372 1295 quid
391 1246 572 1297 scriptum
586 1244 646 1283 ‘st.

433 1300 495 1338 Ol
481 1312 560 1349 μη
590 1299 738 1337 Unum.

567 1351 1068 1404 Cha.1niquum’st;quia
1086 1353 1146 1391 isti
1164 1353 1269 1404 prius

647 1419 765 1457 quam
783 1406 879 1444 mihi
898 1414 966 1445 ωε.

159 1458 258 1495 Stal.
290 1457 435 1510 Accipe
453 1459 551 1498 hanc
569 1459 632 1498 sis.

593 1514 689 1552 clm.
719 1512 837 1560 Cedo,
857 1525 995 1551 mane:
1024 1525 1147 1551 unum
1166 1514 1268 1552 venit

695 1566 735 1603 in
754 1573 922 1604 mentem
940 1566 1067 1604 modo.

157 1617 271 1665 Vide,
293 1631 340 1657 ne
357 1632 434 1671 qua
451 1619 529 1658 illic
545 1619 635 1657 insit
653 1619 728 1657 alia
745 1619 854 1657 sortis
873 1621 943 1657 sub
962 1620 1075 1670 aqu&-

940 1674 1038 1711 Stat.
1068 1673 1264 1712 Verbero!

158 1725 268 1762 Men'
288 1732 326 1763 te
344 1737 469 1764 censes
487 1728 597 1764 esse?
627 1725 735 1763 nulla
754 1725 813 1763 ’st.
853 1725 967 1764 Habe
989 1726 1163 1777 quietum
1184 1727 1268 1764 ani-

319 1791 430 1816 mum
449 1779 577 1817 modo.

160 1832 257 1871 Cha.
277 1830 394 1878 Quod
408 1834 553 1870 bonum
572 1840 686 1884 atque
703 1831 938 1870 fortunatum
957 1833 1006 1871 sit
1024 1833 1134 1881 mihi,
1153 1839 1266 1871 tuum

319 1897 503 1936 magnum
523 1886 682 1924 malum.
1145 1917 1151 1920 .
1213 1887 1269 1925 30

159 1939 290 1988 Olym.
326 1938 418 1976 Tibi
440 1939 609 1990 quidem,
637 1938 806 1991 (edepol)
829 1939 952 1988 credo,
979 1939 1149 1985 eveniet,
1138 1953 1148 1963 ·
1177 1939 1267 1978 novi

315 1992 497 2042 pietatem
515 2000 635 2032 tuam.

154 2045 231 2083 Sed
266 2057 379 2084 mane
409 2045 527 2084 dum·
570 2058 667 2085 num
694 2047 767 2086 ista
793 2054 861 2086 aut
892 2047 1062 2099 populna
1089 2059 1168 2086 sors
1195 2052 1264 2085 aut

317 2098 498 2151 abiegna’
500 2106 534 2139 st
552 2102 652 2139 tua?
