1412 2427
140 29 192 66 50
307 25 679 66 AMPHITRUO.
708 25 785 65 1v.
815 24 1075 78 [Summa]

530 186 858 227 SUPPOSITA.

144 293 288 344 Amph.
311 292 415 331 Tun’
432 306 493 332 me
511 301 666 339 mactes,
685 292 893 332 carnufex?
912 292 986 330 nisi
1008 291 1170 330 formam
1182 291 1250 330 Dii

304 347 415 385 hodie
433 360 558 385 meam
578 347 769 397 perduint,

143 399 252 438 Faxo
270 407 312 437 ut
332 401 484 438 bubulis
503 400 611 438 coriis
627 407 785 438 onustus
803 398 867 446 sis,
888 399 1042 438 Saturni
1060 399 1183 437 hostia
1200 399 1211 437 Ξ

145 453 208 491 Ita
222 467 290 504 ego
310 461 346 491 te
365 462 465 491 certo
479 466 587 492 cruce
605 462 642 491 et
653 453 819 491 cruciatu
833 454 1019 491 mactabo.
1047 451 1127 490 Exi
1138 451 1252 501 foras,

148 506 344 557 Mastigia.

278 562 386 597 Mer.
413 560 540 598 Larva
558 559 786 603 umbratilis,
807 567 849 597 tu
868 571 931 597 me
951 558 1062 596 minis
1081 558 1255 597 territas?

147 612 234 651 Nisi
253 613 340 651 hinc
359 621 529 651 actutum
548 614 686 663 fugiaS‚
708 613 738 651 si
757 613 882 651 denuo
900 613 1118 663 pultaveris‚
1229 614 1256 650 5

145 666 187 704 Si
206 667 419 704 minusculo
438 667 555 717 digito
573 667 826 717 increpuerint
844 666 953 713 fores,
972 665 1043 703 hac
1062 665 1191 716 tegula

148 719 282 757 Tuum
310 720 530 758 deminuam
556 729 682 770 caput,
700 728 743 757 ut
767 733 855 757 cum
881 719 1057 757 dentibus
1080 719 1256 770 linguam

307 786 486 812 exscrees.

148 827 295 876 Amph.
325 826 446 873 Tun’,
475 827 640 874 furcifer,
670 827 762 865 meis
789 839 851 865 me
877 826 1010 878 procul
1031 824 1259 877 prohibessis

309 881 455 918 aedibus
466 880 484 916 ’ἓ

149 932 255 970 Tun'
275 945 378 971 meas
396 934 543 984 pultare
561 933 672 972 foreis
687 936 703 972 ?
733 933 842 971 hasce
860 933 960 972 iUlco
978 940 1057 972 toto
1076 931 1259 971 demoliar

313 987 475 1025 cardine.

150 1042 260 1077 Mer.
288 1041 484 1090 Pergi'n'?

256 1094 400 1143 Amph.
433 1094 569 1145 Pergo.

362 1149 473 1185 Mer.
502 1148 659 1199 Accipe.

511 1202 657 1252 Amph.
686 1201 872 1240 Sceleste!
902 1200 943 1238 in
962 1200 1128 1239 herum?
1163 1199 1204 1239 Si
1222 1207 1262 1239 te

584 1255 695 1293 hodie
714 1254 1025 1306 apprehendero,-
1211 1254 1260 1292 10

151 1306 220 1345 Ad
238 1306 279 1343 id
300 1307 470 1358 redigam
488 1308 738 1355 miseriarum,
759 1316 803 1346 ut
821 1321 967 1359 semper
984 1308 1033 1346 sis
1052 1309 1178 1346 miser.

154 1363 264 1398 ssIer.
294 1360 512 1399 Bacchanal
530 1371 567 1399 te
585 1362 792 1400 exercuisse
810 1361 990 1412 oportuit,
1010 1373 1138 1399 senex.

861 1416 1003 1463 Amph.
1033 1414 1117 1461 Qui
1135 1414 1230 1452 dum
1244 1416 1262 1453 Ρ

157 1469 270 1504 Mer.
299 1466 467 1512 Quando
485 1475 529 1505 tu
547 1481 610 1505 me
628 1475 740 1505 tuum
760 1480 911 1505 servum
930 1479 1068 1504 censes.

767 1521 912 1570 Amph.
943 1520 1076 1568 Quid?
1104 1520 1264 1559 censeo?

154 1575 264 1611 Mer.
295 1573 451 1612 Blalum
480 1574 575 1612 tibi:
602 1582 737 1626 praeter
760 1573 1102 1624 Amphitruonem,
1128 1574 1265 1612 herum

315 1628 404 1665 novi
421 1628 625 1666 neminem.

155 1680 300 1730 Amph.
343 1681 454 1718 Num
482 1682 646 1719 formam
681 1680 860 1731 perdidi?
902 1680 1046 1719 mirum
1074 1681 1168 1733 quin
1203 1694 1267 1720 me

314 1735 416 1772 notit
435 1736 553 1774 Sosia.
1219 1736 1269 1772 15

155 1788 381 1826 Scrutabor:
412 1789 506 1826 eho!
539 1788 599 1827 dic
625 1789 734 1837 mihi,
756 1789 840 1839 quis
867 1784 1026 1828 videor?
1055 1802 1152 1827 num
1180 1788 1269 1827 satis

314 1842 581 1892 Amphitruo?

155 1896 266 1932 Mer.
293 1893 555 1945 Amphitruo!
600 1908 763 1934 sanusne
795 1898 866 1934 es?
909 1896 1050 1934 Nonne
1071 1896 1141 1935 tibi
1165 1908 1267 1947 prae-

316 1948 476 1996 dictum,
497 1961 625 1997 senex,
956 1987 960 1991 ,

155 2001 374 2063 Bacchanal
399 2010 444 2082 tea
464 2004 686 2052 exercuisse,
717 2016 848 2055 quom,
878 2004 946 2056 qui
973 2004 1035 2054 sis,
1064 2004 1184 2042 alium
1207 2016 1270 2042 ro-

363 2063 416 2094 tes
429 2083 438 2092 .

157 2069 361 2158 Αδεεεᾶὲι
365 2122 525 2149 moneo:
556 2110 737 2149 molestus
757 2124 804 2149 ne
818 2111 903 2160 sies,
923 2111 1018 2149 dum
1038 2110 1271 2163 Amphitruo
