1412 2427
268 62 635 114 AMPHITRUO.
663 73 738 111 IV.
771 71 1034 125 [Supposita]
1176 78 1226 117 55

106 178 234 218 Hodie
261 178 424 217 delirum
453 178 674 216 fecit—Ne
703 186 740 215 te
769 177 1002 224 sacruficem,
1023 188 1222 228 nunquam

264 232 408 270 evades.
423 253 476 260 —
1166 233 1218 268 48

104 285 195 324 Sine
212 298 288 332 me,
309 285 513 336 Blepharo.

263 340 402 390 Bleph.
437 338 643 383 Ausculta,
663 351 822 390 precor.-

404 394 443 431 A
450 393 552 442 mpk.
574 391 674 437 Dic;
708 391 957 430 ausculto.—-
971 390 1037 428 Tu
1058 392 1209 441 vapula.

102 447 184 484 803.
223 444 314 494 Qua
345 445 393 484 de
421 448 492 484 re?
522 458 619 484 num
637 445 727 484 satis
757 444 951 496 tempori?
984 445 1076 482 Non
1101 456 1218 495 ocyus

260 499 381 551 quivi,
406 499 438 537 si
454 512 517 537 me
1163 500 1213 536 50

100 551 292 591 Daedaleis
310 553 479 591 tulissem
499 552 680 604 remigiis.

363 607 502 656 Bleph.
529 607 708 653 Abstine,
734 618 885 657 quaeso;
917 616 994 642 non
1018 605 1215 658 potuimus

97 659 258 698 Nostros
280 660 463 711 grandius
482 660 659 711 grandire
677 659 830 709 gradus,

589 714 735 763 Amph.
766 712 854 751 Sive
871 711 1112 763 grallatorius
1131 712 1210 751 sive

97 765 354 806 Testudineus
373 767 500 816 fuerit,
521 774 666 805 certum
688 767 737 804 'st
763 765 860 803 mihi
886 765 990 804 hunc
1010 766 1210 804 scelestum

303 821 421 860 rdere.

93 872 157 911 En
175 834 318 913 tectffi
335 875 344 912 ἔ
378 888 426 913 en
442 875 589 926 tegulas
605 875 614 912 !
647 885 693 912 en
712 873 895 912 obductas
912 873 1049 912 foreis!
1083 885 1131 911 en
1149 873 1210 912 lu-

253 928 450 967 dificatum
466 929 605 966 herum
621 928 630 965 2

96 980 159 1019 En
179 983 382 1020 verborum
400 983 521 1021 scelus
538 982 546 1019 !

367 1037 506 1085 Bleph.
537 1035 646 1082 Quid
664 1035 758 1073 mali
780 1034 869 1074 fecit
890 1034 992 1073 tibi?

628 1089 775 1137 Amph.
804 1089 965 1139 Rogas?
996 1101 1043 1126 ex
1062 1089 1128 1127 illo
1157 1093 1208 1129 55

96 1141 215 1180 Tecto
233 1141 434 1180 exclusum
452 1141 597 1180 foribus
615 1154 678 1179 me
697 1142 913 1179 deturbavit
932 1141 1090 1180 aedjbus.

924 1196 1006 1232 Sos.
1037 1195 1198 1257 Egone.
1189 1200 1206 1222 ²

92 1249 238 1298 Amph.
277 1249 355 1287 Tu.
392 1248 500 1296 Quid
524 1248 728 1286 minitabas
755 1257 790 1286 te
818 1248 1024 1296 facturum,
1059 1250 1090 1287 si
1117 1250 1206 1289 istas

252 1302 484 1353 pepulissem
503 1302 646 1340 foreis?

93 1355 240 1406 Negas,
261 1356 436 1394 soeloete.
427 1358 445 1380 '³

195 1410 280 1447 Sos.
310 1408 419 1456 Quin
438 1408 605 1460 negem?
635 1420 681 1446 en
706 1407 810 1446 testis
830 1408 1021 1460 ampliter,
1042 1412 1201 1461 quicum

301 1475 437 1509 vemo3

85 1515 233 1555 Missus
250 1515 397 1565 sedulo,
417 1524 461 1554 ut
480 1516 528 1555 ad
547 1524 584 1555 te
603 1524 780 1555 vocatum
799 1515 990 1554 ducerem.

728 1570 875 1620 Amph.
905 1569 1005 1618 Quis
1026 1578 1062 1609 te
1081 1572 1200 1621 misit,

87 1623 259 1663 Furcifer
270 1625 288 1662 Ρ

191 1680 275 1717 803.
307 1680 390 1729 Qui
407 1693 470 1719 me
488 1687 609 1731 rogat.

306 1735 454 1785 Amph.
483 1733 652 1782 Quando
670 1732 869 1784 gentium?

417 1790 503 1828 803.
533 1787 713 1835 Dudum,
730 1785 977 1837 jampridem,
995 1786 1124 1837 modo,
1149 1788 1201 1826 60

80 1840 162 1880 Ubi
181 1853 269 1880 cum
288 1854 409 1881 uxore
426 1842 532 1880 domi
550 1841 713 1880 redisti
702 1852 742 1878 in
762 1839 939 1890 gratiam.

586 1895 734 1944 Amph.
762 1893 938 1931 Bacchus
956 1901 994 1932 te
1012 1893 1199 1932 irritassit.

80 1948 162 1986 Sos.
205 1950 292 1989 Nec
318 1950 520 1990 Bacchum
551 1950 715 1988 salutem
743 1947 871 1995 hodie,
905 1959 974 1986 nec
1004 1946 1195 1986 Cererem.

240 2004 307 2042 Tu
320 2004 477 2056 purgari
492 2004 658 2054 jusseras

78 2055 197 2107 Vasa,
224 2065 268 2096 ut
285 2071 364 2097 rem
388 2058 558 2097 divinam
582 2057 746 2098 faceres.
780 2063 816 2095 et
837 2054 941 2095 hunc
964 2067 1025 2094 me
1049 2053 1202 2094 arcessi-

236 2118 321 2151 tum
339 2111 473 2156 mittis,

78 2163 136 2203 Ut
155 2173 280 2206 tecum
304 2166 499 2219 prandeat.
