1412 2427
195 38 269 75 118
495 36 852 76 AULULARIA.
881 39 916 76 Ι.
948 40 982 75 1.

467 192 653 232 ACTUS
682 192 716 231 Ι.
771 193 957 232 SCENA
985 194 1019 231 Ι.

488 299 680 337 Eueno.
734 300 1006 339 STAPHYLA.

195 408 293 443 Eue.
321 405 413 452 Exi,
443 405 601 457 inquam
617 406 628 444 !
659 419 742 457 age,
771 406 832 445 exi
848 407 858 444 ἱ
889 406 1107 444 exeundum
1129 406 1299 457 (hercle)

353 459 421 496 tibi
439 458 528 498 hinc
545 467 602 498 est
619 459 732 505 foras,

193 511 551 562 circumspectatrix
571 525 658 551 cum
677 513 793 551 oculis
813 513 1014 551 emissitiis.

194 567 278 604 Sta.
307 566 412 603 Nam
431 578 496 603 cur
513 579 576 604 me
593 566 770 604 miseram
789 568 960 604 verberas
977 569 995 605 Ρ

878 622 980 657 Eue.
1009 619 1066 658 Ut
1082 619 1221 658 misera
1238 619 1303 668 sis,

197 671 326 723 Atque
346 680 389 710 ut
405 679 440 709 te
460 672 615 723 dignam
634 673 737 710 mala
756 674 896 711 malam
917 679 1064 711 aetatem
1084 673 1228 723 exigas.

196 728 282 763 Sta.
308 727 413 763 Nam
432 726 509 776 qua
527 738 589 763 me
607 738 709 763 nunc
727 726 838 764 causa
856 726 1048 765 extrusisti
1066 739 1113 764 ex
1129 726 1272 764 aedibus
1287 729 1305 764 ἓ

198 781 297 816 Eue.
327 779 417 817 Tibi
436 792 506 828 ego
524 779 706 816 rationem
725 780 895 828 reddam,
916 779 1158 818 stimulorum
1176 779 1306 830 seges?

197 832 299 870 Illuc
317 831 509 882 regredere
527 833 575 870 ab
594 832 713 870 ostio:
744 833 834 871 illuc
853 834 916 870 sis.
956 832 1074 878 Vide,
1091 840 1134 870 ut
1279 833 1303 876 7

199 886 370 923 Incedit!
402 892 441 922 at
461 884 567 922 sci'n’
588 899 664 936 quo
682 885 796 924 modo
815 887 883 925 tibi
901 899 959 925 res
978 899 1016 924 se
1033 886 1147 924 habet
1163 888 1180 923 ‚⁹

198 938 240 977 Si
266 938 377 976 hodie
403 937 576 988 (hercle)
605 939 746 977 fustem
774 952 904 991 cepero
932 947 998 977 aut
1030 939 1230 977 stimulum
1262 939 1302 976 in

360 1003 534 1037 manum,

201 1045 479 1082 Testudineum
500 1044 616 1082 istum
636 1045 704 1083 tibi
723 1058 792 1095 ego
810 1043 995 1094 grandibo
1012 1045 1186 1096 gradum.
1259 1045 1309 1083 10

202 1101 284 1135 Sta.
314 1097 475 1136 Utinam
493 1110 555 1135 me
574 1097 667 1135 Divi
685 1098 842 1136 adaxint
859 1097 909 1135 ad
927 1098 1174 1149 suspendium

202 1150 335 1189 Potius
349 1151 518 1202 quidem,
538 1163 655 1201 quam
673 1151 744 1189 hoc
762 1159 872 1202 pacto
891 1151 994 1202 apud
1013 1159 1050 1189 te
1067 1152 1240 1190 serviam.

204 1206 304 1241 Eue.
329 1205 388 1241 At
406 1211 449 1241 ut
467 1204 619 1242 scelesta
637 1204 716 1242 sola
731 1217 859 1242 secum
877 1213 1093 1243 murmurat
1108 1206 1117 1242 !

201 1257 346 1296 Oculos
368 1256 537 1308 (hercle)
559 1270 628 1308 ego
646 1258 750 1307 istos,
770 1258 957 1309 improba,
978 1258 1153 1296 effodiam
1172 1258 1255 1307 tibi,

204 1311 267 1348 Ne
285 1323 347 1348 me
367 1313 562 1349 observare
580 1311 714 1362 possis,
735 1311 829 1362 quid
846 1324 971 1349 rerum
991 1325 1134 1362 geram.
1259 1312 1307 1349 15

201 1364 402 1402 Abscede:
433 1365 547 1402 etiam
565 1376 691 1402 nunc:
714 1365 828 1402 etiam
853 1377 978 1403 nunc:
1010 1365 1149 1403 etiam:
1180 1365 1252 1403 ohe
1267 1365 1277 1402 Ξ

204 1418 295 1455 Istic
314 1417 472 1455 adstato.
512 1417 552 1455 Si
570 1417 733 1467 (hercle)
752 1426 794 1455 tu
813 1431 861 1456 ex
879 1418 972 1456 istoc
989 1418 1071 1456 loco

203 1470 383 1520 Digitum
401 1479 657 1508 transvorsum
676 1478 742 1508 aut
760 1483 930 1521 unguem
950 1471 1073 1509 latum
1096 1471 1309 1519 excesseris,

203 1523 290 1560 Aut
309 1524 340 1560 si
357 1523 537 1573 respexis,
558 1523 736 1560 donicum
755 1536 826 1574 ego
844 1532 881 1562 te
895 1524 1054 1572 jussero,

207 1576 398 1614 Continuo
419 1575 589 1627 (hercle)
610 1589 679 1626 ego
697 1584 734 1614 te
752 1576 889 1614 dedam
911 1577 1136 1628 discipulam
1155 1577 1268 1615 cruci.

205 1629 462 1668 Scelestiorem
480 1642 543 1666 me
560 1630 631 1668 hac
649 1641 726 1666 anu
743 1637 840 1668 certe
858 1630 933 1668 scio
1259 1631 1307 1667 21

205 1682 358 1721 Vidisse
376 1695 599 1732 nunquam:
629 1683 818 1734 nimisque
837 1696 906 1734 ego
923 1683 1022 1721 hanc
1038 1690 1167 1722 metuo
1185 1684 1299 1732 male,

207 1736 271 1774 Ne
285 1736 381 1773 mihi
399 1749 446 1773 ex
463 1736 610 1773 insidiis
629 1737 742 1774 verba
759 1736 993 1788 imprudenti
1011 1737 1108 1785 duit,
1189 1773 1193 1776 .

207 1790 299 1827 Neu
316 1789 573 1839 persentiscat,
592 1802 730 1827 aurum
747 1790 815 1827 ubi
834 1797 888 1828 est
906 1791 1194 1836 absconditum3

208 1843 307 1890 Quae
325 1843 366 1879 in
384 1842 555 1893 occipitio
573 1855 724 1893 quoque
741 1842 856 1881 habet
873 1844 1015 1891 oeulos,
1034 1856 1222 1895 pessuma.
1262 1847 1314 1882 25

209 1896 252 1933 N
255 1907 328 1933 unc
345 1895 423 1943 ibo,
438 1903 482 1932 ut
502 1895 637 1943 visam,
659 1903 763 1934 estne
779 1896 834 1934 ita
852 1909 990 1934 aurum
1007 1906 1051 1935 ut
1069 1897 1233 1946 condidi,

210 1948 328 1996 Quod
345 1961 408 1986 me
427 1948 601 1987 sollicitat
618 1949 793 1999 plurimis
810 1950 993 1988 miserum
1011 1950 1145 1988 modis.

208 2003 294 2040 Sta
323 2002 365 2040 N
366 2014 407 2040 ec
424 2014 527 2040 nunc
545 2002 764 2054 (mecastor)
786 2003 879 2054 quid
897 2003 988 2042 hero
1006 2017 1077 2054 ego
1093 2003 1216 2042 dicam
1233 2017 1318 2043 mco

211 2056 332 2094 Malae
349 2055 402 2094 rei
420 2056 597 2116 evenisse,
616 2068 780 2108 quamve
797 2056 999 2106 insaniam,

212 2108 323 2156 Queo
342 2108 599 2149 comminisci·
586 2137 599 2156 ,
627 2110 681 2148 ita
697 2109 874 2150 miseram
891 2122 955 2149 me
972 2110 1021 2149 ad
1038 2110 1141 2148 hunc
1159 2110 1318 2149 modum
