1412 2427
412 47 787 88 AMPHITRUO.
817 49 855 87 1..
880 52 918 86 3.
1173 54 1224 88 23

109 157 210 195 Eam
230 155 453 193 seditionem
471 155 511 192 in
532 155 783 206 tranquillum
804 155 982 194 conferet.
1179 159 1226 195 16

106 210 226 248 Nunc
244 209 292 247 de
309 208 544 252 Alcumena,
564 209 713 246 dudum
733 209 836 259 quod
855 209 936 246 dixi
956 209 1098 257 minus,

107 263 237 302 Hodie
257 262 322 301 illa
338 263 460 314 pariet
476 262 574 300 filios
591 263 764 313 geminos
782 262 901 300 duos:

104 317 219 355 Alter
237 316 399 354 decumo
417 324 504 368 post
521 328 651 354 mense
670 324 842 354 nascetur
860 330 969 367 puer,

106 370 239 417 Quam
259 370 465 408 seminatus
482 384 494 414 ς
524 369 618 408 alter
636 382 765 408 mense
784 377 972 420 septumo.
1171 371 1223 407 20

102 424 254 462 Eorum
273 423 568 473 Amphitruonis
587 424 682 461 alter
700 431 769 469 est,
791 424 886 461 alter
904 424 933 461 J
937 424 1031 462 ovis.

105 476 254 515 Verum
275 477 414 515 minori
431 490 552 528 puero
570 478 694 526 major
713 484 768 515 est
787 484 908 528 pater,

102 530 238 569 BIinor
255 531 403 580 majori.
459 531 488 569 J
491 542 604 568 amne
621 531 693 569 hoc
712 531 812 569 scitis
831 530 926 581 quid
943 531 1044 569 siet?

104 585 195 632 Sed,
214 585 444 622 Alcumenae
461 584 579 634 hujus
597 584 752 622 honoris
771 585 910 634 grati-21,

101 638 218 676 Pater
236 638 382 676 curavit
399 651 477 675 uno
497 646 540 675 ut
558 637 638 676 fetu
656 638 786 682 fieret3
1172 640 1222 675 25

101 692 194 730 Uno
213 699 256 730 ut
275 692 403 729 labore
421 692 593 730 absolvat
611 704 801 730 aerumnas
820 691 929 738 duas,

101 745 158 784 Et
176 759 224 784 ne
241 746 282 783 in
302 745 516 797 suspicione
535 753 699 796 ponatur
719 745 854 795 stupri,

101 799 157 837 Et
175 799 410 837 clandestina
429 807 473 837 ut
491 799 633 837 celetur
651 799 856 838 consuetio.

103 852 358 904 Quamquam
380 854 442 900 (ut
458 852 691 902 jamdudum
712 853 814 896 dixi)
831 853 1003 891 resciscet
1022 861 1151 891 tamen

104 907 342 958 Amphitruo
371 919 453 945 rem
486 919 654 944 omnem.
708 905 819 954 Quid
848 906 998 957 igitur?
1039 919 1152 945 nemo
1182 907 1222 943 id

80 967 82 969 ’
264 961 404 1012 probro
1170 961 1222 996 30

89 1015 279 1054 >Profecto
297 1014 410 1053 ducet
427 1015 681 1053 Alcumenae:
713 1026 803 1051 nam
824 1014 955 1052 Deum

105 1069 197 1107 Non
217 1081 288 1119 par
306 1067 454 1106 videtur
473 1068 608 1114 facere,
630 1068 810 1106 delictum
831 1081 946 1105 suum

105 1122 303 1173 Suamque
320 1122 475 1172 culpam
494 1128 669 1172 expetere
687 1121 727 1158 in
746 1121 948 1159 mortalem
966 1128 1011 1159 ut
1029 1121 1140 1159 sinat.

104 1175 331 1214 Orationem
350 1175 600 1225 comprimam
619 1189 628 1211 z
661 1174 806 1224 crepuit
824 1174 927 1211 foris.

101 1229 341 1280 Amphitruo
361 1227 590 1273 subdidvus,
611 1240 757 1271 eccum,
779 1227 857 1265 exit
876 1227 977 1266 foras
1167 1227 1218 1263 35

102 1282 205 1321 Cum
223 1281 444 1320 Alcumena
463 1294 582 1319 uxore
600 1281 782 1319 usuraria.

360 1443 548 1481 ACTUS
578 1442 614 1480 Ι.
671 1441 857 1480 SCENA
887 1442 972 1480 ΙΙΙ.

250 1551 472 1589 JUPrrER.
499 1551 753 1588 ALCMENA.
782 1549 1081 1587 Mencvmcs.

99 1660 200 1709 Jup.
228 1658 338 1697 Bene
357 1658 455 1705 vale,
475 1658 719 1697 Alcumena:
752 1669 842 1694 cura
860 1668 939 1694 rem
960 1668 1221 1703 communem,

260 1712 364 1763 quod
382 1712 486 1750 facis.

99 1765 235 1817 Atque
262 1766 442 1857 irraperce,
462 1778 615 1817 quaeso:
652 1776 798 1802 menses
823 1765 906 1813 jam
932 1763 1003 1801 tibi
1025 1776 1103 1802 esse
1121 1771 1222 1802 actos

261 1832 299 1856 vi

99 1873 205 1911 Mihi
232 1832 382 1964 moluisse
402 1871 450 1912 ’st
467 1873 521 1912 ire
538 1873 628 1911 hinc
645 1887 656 1910 z
687 1884 835 1920 verum,
856 1870 960 1923 quod
979 1871 1050 1910 erit
1067 1878 1218 1918 natum,

98 1983 188 2019 Alc.
218 1934 327 2028 Qiiid
342 1933 458 2019 t{tud
478 1988 548 2029 est,
578 1981 633 2019 mi
657 1979 728 2028 vir,
759 1978 904 2030 negoti,
934 1979 1037 2030 quod
1065 1986 1108 2017 tu
1139 1986 1218 2016 tam

260 2034 385 2078 subito
403 2034 518 2073 domo

96 2089 229 2127 Abeas
244 2090 261 2126 ζ’
