1412 2427
435 31 604 70 CASIN
606 31 660 70 A.
691 32 766 72 IV.
794 36 835 72 3.
1115 36 1194 79 307

325 190 510 231 ACTUS
541 193 615 231 IV.
672 193 856 232 SCENA
888 193 945 231 11.

345 299 565 338 STALmo.
612 301 926 338 PARnAmscA.

77 408 177 445 Stal.
197 406 239 444 Si
258 406 402 457 sapitis,
422 419 533 454 uxor,
554 420 618 444 vos
638 414 764 444 tamen
785 408 992 455 coenabitis,

76 460 194 498 Coena
212 459 280 497 ubi
299 459 369 496 erit
388 466 516 497 cocta:
546 473 616 510 ego
634 460 713 498 ruri
731 471 935 499 coenavero.

74 514 183 551 Nam
201 525 344 550 novum
363 513 545 550 maritum
567 521 603 551 et
620 525 757 551 novam
778 521 939 564 nuptam
960 516 1046 553 volo

74 567 160 604 Rus
179 565 370 616 prosequi,
394 565 501 617 (novi
519 565 721 604 hominum
741 578 863 604 mores
881 568 1097 616 maleficos)

73 620 136 657 Ne
155 619 240 670 quis
259 631 343 656 eam
362 619 535 669 abripiat.
562 619 692 657 Facite
707 627 829 657 vostro
847 621 977 659 animo
995 623 1124 673 volup.
1163 626 1188 661 5

72 673 147 711 Sed
168 680 366 723 properate
383 672 501 709 istum
520 680 634 723 atque
652 673 764 710 istam
784 680 955 711 actutum
975 676 1158 724 emittere,

72 725 251 763 Tandem
270 733 314 762 ut
333 725 530 763 veniamus
549 726 652 771 luci3
684 739 753 776 ego
771 738 851 764 cras
868 727 932 765 hic
951 741 1027 766 ero.

71 779 164 817 Cras
182 779 364 825 habuero,
385 791 496 825 uxor,
518 792 587 830 ego
607 788 735 817 tamen
755 779 985 818 convivium.

70 834 198 870 Purd.
227 832 305 878 Fit,
327 832 430 882 quod
449 833 622 870 futurum
644 833 748 870 dixi:
778 832 1009 873 incoenatum
1028 848 1155 875 senem

69 887 186 924 Foras
205 885 413 923 extrudunt
431 885 619 924 mulieres.

596 942 696 978 Stal.
722 939 831 987 Quid
849 947 891 978 tu
910 941 974 980 hic
990 943 1101 993 agis?
1135 944 1186 982 10

70 995 198 1031 Pard.
225 993 312 1044 Ego
331 1005 388 1039 e0,
409 1005 486 1044 quo
504 1006 568 1031 me
585 994 669 1045 ipsa
687 994 804 1032 misit.

713 1049 811 1085 Stal.
845 1047 989 1086 Veron’
1004 1051 1022 1087 ?

905 1103 1033 1140 Pard.
1063 1103 1186 1143 Serio.

68 1156 167 1195 Stal.
194 1154 301 1202 Quid
319 1155 383 1193 hic
401 1155 623 1206 speculare?

387 1209 514 1246 Pard.
544 1208 657 1246 Nihil
676 1208 854 1259 equidem
872 1209 1057 1260 speculor.

954 1265 1053 1301 Stal.
1082 1264 1180 1302 Abi.

69 1316 133 1354 Tu
152 1315 216 1354 hic
234 1324 407 1354 cunctas:
433 1315 537 1354 intus
555 1315 620 1353 alii
638 1315 830 1354 festinant.

838 1370 964 1407 Pard.
995 1371 1070 1408 Eo.

67 1424 167 1462 Stat.
197 1422 279 1461 Abi
298 1423 399 1469 hinc,
420 1423 483 1470 sis,
504 1435 606 1473 ergo,
626 1435 890 1472 pessumarum
910 1435 1098 1472 pessuma.

65 1478 92 1516 J
96 1489 208 1514 amne
226 1476 320 1514 abiit
337 1476 434 1514 illaec
446 1479 464 1515 ἓ
491 1476 614 1514 dicere
631 1476 696 1514 hic
714 1475 864 1527 quidvis
881 1475 982 1514 licet.
1131 1478 1178 1514 15

65 1530 147 1576 Qui
165 1538 283 1578 amat,
303 1539 448 1577 tamen,
465 1530 482 1577 (
497 1529 641 1577 hercle)
660 1530 730 1568 etsi
747 1529 876 1577 esurit,
900 1530 1032 1568 nullus
1051 1531 1180 1568 esurit.

65 1583 154 1630 Sed,
169 1595 315 1631 eccum,
334 1583 574 1634 progreditur
593 1596 682 1621 cum
701 1583 839 1621 corona
857 1590 895 1620 et
909 1583 1090 1634 lampade

65 1636 182 1674 Meus
200 1636 336 1685 socius,
356 1649 525 1686 compar,
545 1637 804 1683 commaritus,
825 1635 988 1675 villicus.

298 1796 484 1836 ACTUS
513 1798 589 1835 Iv.
645 1797 830 1837 SCENA
861 1797 944 1836 ΙΙΙ.

379 1902 623 1942 ΟιΥΜΡιο.
657 1906 879 1944 STAan.

67 2016 198 2063 Olym.
229 2012 332 2062 Age,
353 2011 504 2059 tibicen,
524 2010 618 2049 dum
633 2011 741 2051 illam
760 2012 925 2051 educunt
944 2012 1018 2049 huc
1037 2023 1174 2050 novam

223 2071 385 2115 nuptam
404 2064 517 2109 foras,

63 2120 178 2160 Suavi
210 2126 322 2157 cantu
356 2117 571 2156 concelebra
598 2131 750 2157 omnem
782 2119 879 2157 hanc
910 2118 1073 2169 plateam
1104 2118 1174 2167 hy-

221 2183 307 2210 nlen
312 2185 377 2209 aeo.
