1412 2427
197 39 272 77 192
489 41 565 79 BA
572 40 834 81 CCHIDES.
862 39 937 78 IV.
966 43 1003 79 2.

446 195 629 235 ACTUS
659 197 734 235 IV.
785 196 969 236 SCENA
999 196 1033 234 Ι.

507 301 779 341 ΡΑκΑεῐΊ-υε.
826 303 975 342 Pcssn.

606 409 882 446 PARASITUS.

189 513 380 552 Parasitus
399 527 467 565 ego
486 527 570 552 sum
589 515 753 553 hominis
772 526 935 566 nequam
956 522 1070 565 atque
1088 513 1264 565 improbi,

187 566 341 613 Militis,
362 568 428 618 qui
446 568 606 606 amicam
625 580 753 606 secum
774 568 900 606 avexit
918 581 963 605 ex
984 569 1110 606 Samo.

188 619 230 657 N
232 632 306 659 unc
323 633 385 658 me
403 621 455 658 ire
470 621 582 669 jussit
601 621 648 659 ad
668 634 765 667 eam,
786 628 823 659 et
841 621 1104 670 percontarier,

187 672 330 711 Utrum
349 686 486 711 aurum
504 674 648 722 reddat,
669 687 766 712 anne
785 682 844 712 eat
862 686 987 711 secum
1007 673 1136 711 simul.

189 725 269 772 Tu,
289 726 356 777 qui
375 726 535 774 dudum,
555 740 664 778 puer,
684 739 770 764 cum
789 727 857 764 illa
874 740 993 777 usque
1012 726 1074 764 isti
1100 725 1227 773 simul,
1268 728 1292 763 5

187 777 288 825 Quae
318 779 456 817 harum
489 788 577 818 sunt
608 780 719 827 aedes‚
751 780 872 831 pulta.
923 780 1005 817 Adj
1041 786 1212 817 actutum
1245 778 1293 816 ad

346 832 480 878 foreis;

187 883 336 923 Recede
353 885 442 923 hinc
460 885 630 924 dierecte.
671 886 728 924 Ut
744 886 871 937 pulsat
888 886 1120 937 propudium
1135 886 1145 923 ἱ

186 937 365 976 Comesse
383 950 520 988 panem
539 939 626 977 treis
643 939 755 990 pedes
773 939 894 976 latum
914 947 1032 990 potes,

186 989 314 1028 Foreis
333 991 480 1041 pultare
497 992 615 1030 nescis
630 992 639 1029 !
671 992 797 1042 ecquis
814 991 874 1029 his
892 991 932 1029 in
951 991 1127 1030 aedibu'st
1140 994 1158 1030 Ρ

187 1043 298 1081 Heus
314 1043 322 1080 !
355 1045 482 1093 ecquis
499 1045 563 1083 hic
582 1047 666 1084 est?
696 1045 822 1096 ecquis
840 1045 912 1083 hoc
930 1046 1049 1096 aperit
1066 1045 1204 1084 ostium
1221 1046 1239 1083 Ρ

185 1095 329 1147 Ecquis
348 1096 426 1135 exit
440 1099 458 1136 ?
1243 1097 1287 1135 ll

430 1256 616 1296 ACTUS
645 1256 721 1296 IV.
774 1256 960 1296 SCENA
989 1256 1047 1295 ΙΙ.

417 1363 746 1401 PISTOCLERUS.
787 1363 1060 1401 PARAsrrus.

185 1471 289 1507 Pist.
319 1468 427 1517 Quid
445 1469 540 1508 istuc
557 1472 574 1508 ?
603 1483 690 1521 quae
707 1470 808 1508 istaec
826 1476 881 1507 est
898 1469 1060 1519 pulsatio
1073 1471 1091 1507 Ρ

183 1522 284 1569 Quae
302 1529 339 1560 te
357 1522 459 1559 mala
477 1535 572 1560 crux
590 1523 720 1573 agitat,
741 1522 790 1560 ad
807 1521 931 1560 istunc
948 1521 1016 1573 qui
1033 1521 1192 1559 modum

182 1575 324 1613 Alieno
343 1575 454 1612 vireis
474 1582 559 1612 tuas
578 1583 745 1614 extentes
763 1575 858 1613 ostio
869 1574 887 1610 '.’

182 1628 314 1666 Foreis
330 1640 437 1679 paene
456 1627 644 1678 effi-egisti.
682 1628 789 1676 Quid
806 1639 909 1666 nunc
925 1627 981 1667 vis
999 1628 1066 1667 tibi
1080 1630 1098 1667 ,⁹

183 1682 284 1719 Par.
315 1680 561 1728 Adolescens,
578 1681 691 1719 salve.

493 1735 598 1773 Pist.
631 1735 754 1774 Salve.
797 1733 872 1774 Sed
891 1747 1006 1786 quem
1024 1734 1202 1787 quaeritas
1216 1737 1234 1774 ?
1264 1737 1289 1773 5

184 1789 284 1826 Par.
315 1785 560 1825 Bacchidem.

346 1841 449 1878 Pist.
478 1840 618 1879 Utram
636 1840 752 1892 ergo?
1167 1873 1176 1877 .

584 1896 685 1932 Par.
714 1894 826 1933 Nihil
845 1894 935 1943 scin,
955 1893 1028 1933 nisi
1045 1893 1289 1933 Bacchidem.

184 1947 322 1985 Paucis
340 1959 403 1985 me
419 1946 524 1984 misit
541 1947 650 1985 miles
669 1948 718 1985 ad
736 1961 820 1986 eam
840 1947 1103 1997 Cleomachus,

183 2000 260 2038 Vel
275 2007 320 2038 ut
337 2000 518 2038 ducentos
537 2001 736 2052 Philippos
753 2001 886 2040 reddat
903 2014 1049 2050 aureos,

182 2052 260 2092 Vel
277 2060 322 2092 ut
338 2053 427 2091 hinc
444 2053 485 2091 in
503 2054 674 2092 Elatiam
691 2054 803 2093 hodie
821 2062 882 2093 eat
899 2067 1026 2094 secum
1044 2053 1171 2093 simul.
1262 2054 1288 2092 9

183 2107 291 2147 Pist.
312 2107 404 2146 Non
422 2106 464 2145 it.
493 2107 535 2145 N
537 2114 645 2158 egato
663 2120 740 2148 asse
757 2107 908 2148 ituram.
938 2107 1030 2158 Abi,
1050 2114 1087 2147 et
1102 2106 1288 2147 renuntia.
