1412 2427
118 39 168 76 42
404 37 772 79 AMPHITRUO.
803 39 884 79 ΙΙΙ.
917 39 951 77 1.

125 145 255 192 Facta,
275 157 360 194 quae
380 152 421 182 tu
440 145 539 183 facta
556 145 663 192 dicis,
683 146 776 196 quid
794 147 863 184 tibi
882 157 1035 196 aequum
1056 145 1103 183 'st
1120 145 1199 183 fieri
1213 147 1231 183 Ρ

124 197 330 249 Numquid
349 210 499 235 causam
518 198 622 247 dicis,
643 199 736 249 quin
755 207 792 237 te
817 200 887 238 hoc
908 199 1070 236 multem
1100 198 1232 235 matri-

285 251 414 288 monio
428 254 445 289 ?
1155 253 1232 288 220

127 305 215 343 Alc.
245 305 286 343 Si
304 304 460 355 deliqui,
481 305 588 342 nulla
606 317 718 343 causa
736 313 802 344 est.

585 359 729 408 Amph.
760 357 957 397 Convenit.
1014 357 1093 403 Tu,
1114 357 1233 404 Sosia,

128 409 218 448 Duc
236 410 304 448 hos
333 410 444 448 intro.
498 412 584 462 Ego
602 411 677 449 huc
694 413 743 450 ab
761 412 848 449 navi
870 423 1020 449 mecum
1048 411 1236 448 adducam

290 464 533 502 Naucratem.

130 516 208 554 Sos.
242 517 359 554 Nunc
377 518 546 567 quidem,
566 525 699 568 praeter
717 530 798 563 nos,
825 530 936 555 nemo
957 520 1029 555 ’st:
1062 516 1122 554 dic
1140 515 1237 554 mihi

290 582 419 607 verum
439 583 546 615 serio,

130 622 275 673 Ecquis
294 624 390 661 alius
409 624 514 662 Sosia
531 624 678 671 intu’st,
700 623 767 673 qui
784 623 859 660 mei
877 623 1010 661 similis
1029 623 1127 661 siet?

131 676 219 714 Alc.
238 677 372 714 Abi'n'
391 676 479 714 hinc
497 690 520 714 a
537 689 599 714 me
617 677 754 727 dignus
772 677 926 714 domino
946 689 1096 714 servus,
1087 679 1104 703 f

718 729 794 767 Sos.
823 730 947 776 Abeo,
968 729 998 767 si
1013 730 1138 778 jubes.
1160 731 1237 766 225

131 784 220 820 Alc.
260 782 389 820 Nimis
427 782 604 833 (ecastor)
636 782 782 820 facinus
813 783 955 820 mirum
985 790 1054 830 est,
1085 784 1153 833 qui
1184 782 1242 820 illi

293 835 506 874 collibitum
527 836 608 884 siet,

135 887 229 926 Meo
263 889 355 935 viro,
390 889 441 926 sic
470 902 533 927 me
568 890 787 928 insimulare
815 889 955 927 falsum
986 889 1131 927 facinus
1161 896 1242 927 tam

294 942 454 979 malum.

133 993 334 1046 Quidquid
349 1002 417 1043 est,
430 996 511 1044 jam
528 1009 574 1034 ex
589 995 780 1034 Naucrate
797 1002 954 1046 cognato
967 995 1007 1033 id
1021 1007 1242 1047 cognoscam

293 1060 390 1085 meo.

388 1154 574 1194 ACTUS
603 1155 686 1193 III.
743 1156 929 1196 SCENA
958 1155 994 1193 Ι.

579 1263 800 1302 JUPITEP..

133 1371 220 1421 Ego
239 1383 324 1409 sum
341 1370 405 1408 ille
422 1370 674 1420 Amphitruo,
694 1369 863 1421 quoju'st
880 1381 1008 1408 servus
1025 1371 1145 1417 Sosia,

134 1425 279 1475 (Idem,
301 1423 514 1461 Mercurius
533 1424 600 1473 qui
619 1423 676 1469 fit,
695 1421 1194 1474 quando‘commodum’st),

136 1478 187 1514 In
207 1477 395 1527 superiore
415 1476 482 1526 qui
500 1476 629 1514 habito
648 1475 852 1521 coenaculo,

134 1529 217 1576 Qui
234 1529 424 1567 interdum
443 1529 493 1566 fio
511 1529 682 1579 Jupiter,
704 1528 856 1579 quando
874 1529 993 1566 lubet.

135 1582 227 1620 Huc
259 1589 386 1620 autem
417 1594 534 1632 quom
571 1582 762 1632 extemplo
790 1579 1015 1632 [adventum
1045 1585 1240 1634 apporto,]

294 1635 395 1673 illico
1216 1639 1241 1674 5

135 1688 373 1740 Amphitruo
391 1687 455 1734 fio,
475 1695 512 1725 et
531 1688 709 1726 vestitum
728 1688 891 1726 immuto
910 1701 1055 1728 meum.

135 1743 177 1780 N
180 1754 253 1780 unc
271 1741 346 1779 huc
363 1741 514 1779 honoris
532 1742 645 1779 vostri
663 1742 771 1780 venio
789 1742 922 1792 gratia,

134 1795 198 1833 Ne
215 1795 314 1832 hanc
331 1795 546 1832 inchoatam
567 1795 772 1846 transigam
791 1795 1038 1841 comoediam3

136 1848 275 1894 Simul,
296 1848 537 1894 Alcumenae,
558 1861 674 1898 quam
694 1849 750 1886 vir
767 1848 954 1886 insontem
973 1849 1101 1899 probri

135 1901 370 1951 Amphitruo
389 1909 553 1947 accusat,
573 1901 674 1948 veni,
693 1909 738 1939 ut
755 1901 944 1939 auxilium
962 1903 1082 1940 feram
1094 1916 1105 1938 ε
1194 1902 1243 1939 10

133 1954 240 1992 Nam
258 1966 344 1991 mea
362 1954 410 1991 sit
427 1953 553 2004 culpa,
574 1954 677 2005 quod
695 1964 842 2006 egomet
860 1955 1124 2003 contraxerim,

135 2006 177 2045 Si
194 2007 235 2044 id
252 2007 480 2045 Alcumenae
498 2007 688 2046 innocenti
706 2015 870 2059 expetat.

134 2060 176 2097 N
178 2072 251 2098 unc
269 2060 596 2111 Amphitruonem
614 2073 769 2109 memet,
789 2069 832 2098 ut
850 2062 975 2112 occepi
994 2062 1125 2111 semel,

134 2113 229 2152 Esse
247 2114 489 2161 assimulabo,
510 2121 623 2165 atque
640 2114 681 2152 in
701 2115 838 2166 horum
857 2115 1043 2154 familiam
