1412 2427
190 38 268 75 240
501 34 829 74 CAPTEIVEI.
859 35 916 73 11.
944 35 981 72 3.

510 144 616 193 Heg.
640 143 697 181 At
716 142 1003 194 quamprimum
1022 140 1182 192 poteris:
1204 138 1300 177 istuc

615 196 653 233 in
674 208 754 234 rem
774 195 924 246 utrique
936 194 985 233 'st
1002 206 1195 232 maxume.
1246 194 1299 229 38

195 252 344 289 Philoc.
366 250 456 288 Non
474 257 585 288 tuum
609 258 650 287 tu
673 248 795 299 magis
813 248 951 292 videre,
971 260 1087 300 quam
1106 247 1171 285 ille
1184 259 1298 284 suum

350 311 508 354 gnatum
528 302 644 354 cupit.

197 357 305 406 Heg.
333 357 449 395 Meus
468 357 577 402 mihi,
598 368 688 394 suus
707 354 872 406 quoique
890 362 944 392 est
962 367 1082 392 carus.

526 411 680 449 Philae.
710 407 913 459 Numquid
932 407 1038 445 aliud
1057 407 1112 445 vis
1129 406 1228 458 patri
1251 407 1304 444 40

194 462 376 501 Nuntiari
389 465 406 502 ‚⁹

348 518 476 567 Tynd.
495 516 565 555 Me
582 517 646 554 hic
660 516 804 560 valere3
828 522 865 552 et
883 519 963 552 tute
981 513 1158 552 audacter
1175 513 1302 559 dicim,

195 569 390 621 Tyndare‚
409 571 506 608 inter
525 583 592 608 nos
610 569 725 607 fuisse
742 568 894 619 ingenio
918 567 1022 605 haud
1041 566 1303 613 discordabili3

195 623 334 675 Neque
359 631 395 662 te
417 624 682 662 commeruisse
707 622 874 673 culpam,
894 633 1016 672 neque
1040 633 1104 659 me
1128 620 1303 658 advorsa-

356 685 440 715 tum
460 677 528 715 tibi
546 690 556 699 ·

197 730 378 782 Beneque
395 730 486 769 hero
504 705 658 781 ge'ssisse
685 741 829 767 morem
852 727 890 765 in
917 727 1031 765 tantis
1050 727 1228 765 aerumnis
1247 734 1303 765 ta-

357 796 460 822 men.

198 837 337 888 Neque
354 837 637 927 medfiulnquam
663 836 867 874 deseruisse
892 842 942 882 te,
962 847 1085 886 neque
1112 833 1221 872 factis
1239 846 1304 924 ng:

357 903 433 941 que
504 903 538 937 e,
579 922 586 941 -.
1281 901 1305 924 o

199 944 330 982 Rebus
348 943 388 980 in
408 943 547 989 dubiis,
568 928 723 993 egeniss
749 941 845 980 Haec
863 949 968 994 pater
987 940 1140 993 quando
1158 941 1260 988 sciet,

201 996 395 1048 Tyndare,
415 1004 459 1034 ut
484 995 599 1034 fueris
624 995 814 1034 animatus
833 1008 921 1046 erga
939 1007 1053 1033 suum
1071 1001 1231 1045 gnatum
1251 1001 1307 1032 at-

388 1063 434 1087 ue
453 1063 491 1088 se

198 1104 239 1142 N
243 1064 413 1155 unquglm
439 1077 507 1141 eriz
535 1110 613 1140 tam
640 1115 789 1150 avarus,
820 1102 912 1154 quin
940 1109 977 1140 te
1004 1108 1135 1152 gratus
1160 1100 1308 1139 emittat

360 1169 476 1195 manu
495 1171 505 1194 :

198 1212 253 1250 Et
270 1209 355 1249 mezi
358 1211 500 1301 1(imerii,
519 1211 549 1249 si
573 1210 662 1249 hinc
686 1209 818 1256 rebito‚
848 1208 984 1248 faciam
1009 1216 1053 1246 ut
1075 1206 1189 1246 faciat
1214 1208 1309 1248 faci-

388 1276 445 1302 us.

200 1318 322 1365 Nam,
343 1317 409 1355 tua
428 1317 542 1368 oper&
562 1325 598 1356 et
616 1318 790 1356 comitate
808 1324 844 1355 et
862 1317 1000 1354 virtute
1018 1323 1055 1355 et
1073 1314 1269 1365 sapientia,

202 1371 355 1416 Fecisti,
374 1378 418 1408 ut
435 1371 554 1409 redire
571 1371 681 1409 liceat
698 1370 745 1409 ad
764 1370 950 1421 parenteis
968 1369 1106 1415 denuo,
1258 1367 1305 1406 51

203 1425 336 1473 Quom
362 1425 466 1475 apud
492 1424 594 1462 hunc
616 1424 805 1462 confessus
831 1436 870 1461 es
898 1431 934 1461 et
955 1435 1075 1473 genus
1101 1428 1138 1460 et
1160 1421 1309 1460 divitias

364 1490 493 1516 meas:
1304 1506 1306 1509 .

203 1531 294 1580 Quo
315 1538 440 1592 pacto.
453 1531 607 1569 emisisti
629 1543 649 1568 e
678 1530 809 1569 vinclis
828 1537 940 1568 tuum
962 1530 1099 1568 herum
1121 1528 1186 1568 tufi
1212 1528 1312 1580 sapi-

367 1585 479 1622 entia„

204 1639 356 1676 Philoe.
385 1638 474 1676 Feci
494 1650 562 1688 ego
577 1638 661 1685 ista,
681 1645 726 1675 ut
744 1649 1042 1684 commemoras3
1068 1643 1105 1675 et
1123 1644 1160 1675 te
1176 1635 1312 1674 memi-

365 1691 478 1738 nisse,
498 1691 539 1728 id
557 1698 708 1741 gratum
727 1691 774 1728 ’st
790 1691 899 1728 mihi.

205 1744 348 1784 Merito
366 1745 435 1782 tibi
460 1758 504 1783 ea
528 1752 731 1782 evenerunt
750 1757 772 1782 a
789 1756 865 1783 me.
906 1744 1011 1783 Nam
1041 1756 1157 1792 nunc,
1181 1742 1312 1781 Philo.

365 1806 482 1836 crates
1262 1799 1313 1833 55

205 1851 247 1891 Si
265 1864 334 1903 ego
352 1851 444 1889 item
461 1827 684 1900 memorem,
711 1865 798 1904 quae
823 1851 913 1890 med
935 1864 1024 1903 erga
1047 1851 1172 1889 multa
1194 1846 1314 1888 fecisti

365 1906 474 1952 bene,

206 1958 301 1997 Nox
331 1957 618 2050 diffiiladimat.
678 1959 799 2008 Nam,
833 1959 864 1997 si
895 1970 1024 1997 servus
1055 1969 1165 1997 meus
1199 1969 1311 2005 esses,

465 2026 488 2051 o
506 2025 623 2051 seclus

208 2065 314 2105 Mihi
331 2066 575 2118 obsequiosus
593 2079 738 2119 semper
750 2066 869 2105 fuisti.

759 2122 866 2171 Heg.
890 2119 973 2168 Dii,
993 2125 1156 2158 vostram
1175 2117 1315 2157 fidem!
