1412 2427
379 41 779 81 CISTELLARIA.
807 41 865 80 ΙΙ.
895 44 934 80 2.
1133 41 1208 79 331

108 148 263 195 Faxint,
285 161 331 186 ne
349 161 418 200 ego
436 149 523 186 dem
543 149 652 187 vivus
670 149 819 186 savium
837 149 992 192 Silenio,
1165 150 1217 192 47

108 202 196 239 Nisi
223 215 292 253 ego
319 211 431 253 teque
459 210 641 254 tuamque
668 203 802 249 filiam,
831 214 984 253 meque,
1013 201 1124 240 hodie
1151 202 1219 239 ob-

198 301 201 302 ?
267 263 513 299 truncavero;

108 307 246 347 Postea
264 317 407 356 autem,
428 322 516 347 cum
539 309 663 359 primo
683 308 776 356 luci,
801 321 882 347 cras
899 308 973 347 nisi
991 310 1105 347 ambo
1123 308 1220 347 occi-

108 415 162 452 Et
181 362 396 475 equictlgiss'(
406 415 564 464 hercle),
583 415 656 453 nisi
684 415 826 467 pedatu
857 415 967 454 tertio
993 415 1138 454 omneis
1165 415 1221 453 ef-

109 521 198 560 Nisi
228 469 415 561 tufliitliliii'
437 522 599 560 remittis
628 522 678 560 ad
706 535 781 561 me.
834 523 947 571 Dixi,
981 535 1067 574 quae
1097 470 1217 561 voltiiq

110 630 212 666 Mel.
239 575 469 691 Axbffreiritro
487 629 617 667 iratus.
666 629 774 677 Quid
797 643 867 682 ego
884 642 987 669 nunc
1005 628 1143 680 agam?
1176 629 1218 666 Si

110 735 185 774 Illa
208 735 256 773 ad
271 682 571 797 rgfllnegtibidem
598 736 671 774 loci
698 748 756 774 res
781 735 862 774 erit.
907 737 988 775 Ubi
1006 736 1139 775 odium
1159 748 1221 775 oc-

110 843 227 881 Illam
247 798 434 889 essffffiit',
455 856 573 895 quom
591 843 690 881 hanc
708 854 866 881 uxorem
885 843 1090 882 Lemniam
1108 843 1221 882 ducet

108 951 185 989 Sed
203 897 432 997 taniiiirnibii,1
433 924 484 988 ‘et
501 962 716 1001 persequar.
750 949 899 989 Amens
915 963 964 989 ne
981 950 1075 1002 quid
1092 950 1221 999 faciat,

270 1011 380 1042 cauto
398 1004 536 1055 opu'st.
1167 1006 1218 1041 55

109 1058 321 1103 Postremo,
342 1057 495 1108 quando
514 1057 625 1108 aequa
643 1057 727 1107 lege
745 1057 903 1108 pauperi
921 1069 1009 1095 cum
1028 1057 1144 1096 divite

109 1112 149 1148 N
153 1124 202 1148 on
220 1111 320 1154 licet,
341 1111 497 1160 perdam
515 1123 668 1162 operam
688 1111 827 1161 potius,
843 1123 960 1162 quam
979 1113 1111 1149 carebo
1129 1111 1222 1149 filia.

109 1164 184 1202 Sed
203 1164 288 1215 quis
311 1163 373 1202 hic
401 1172 468 1210 est,
496 1165 562 1216 qui
588 1164 689 1202 recta
710 1164 837 1215 platea
858 1176 1014 1202 cursum
1035 1164 1111 1203 huc
1134 1177 1223 1202 oon-

271 1217 391 1255 tendit
409 1231 522 1255 suum
538 1220 555 1255 ?

110 1272 165 1310 Et
182 1271 281 1309 illud
299 1283 432 1322 paveo,
452 1279 489 1309 et
506 1271 578 1310 hoc
597 1270 784 1309 formido:
815 1270 869 1309 ita
887 1278 965 1309 tota
981 1284 1068 1310 sum
1085 1271 1222 1310 misera

268 1325 308 1362 in
328 1332 445 1362 metu.

363 1486 548 1525 ACTUS
576 1486 637 1524 ΙΙ.
692 1485 877 1524 SCENA
907 1486 968 1525 ΙΙ.

526 1594 792 1632 LAMPAmo.

106 1703 244 1740 Anum
262 1707 422 1739 sectatus
442 1713 528 1738 sum
547 1701 710 1739 elamore
729 1714 797 1752 per
815 1701 894 1739 vias
910 1715 921 1738 ε

110 1756 384 1793 Miserrumam
403 1754 532 1791 habui.
581 1755 635 1793 Ut
653 1755 750 1792 illaec
767 1754 880 1793 hodie
899 1762 992 1806 quot
1010 1754 1132 1794 modis

109 1809 191 1848 Sibi
210 1808 437 1845 moderatrix
457 1807 543 1851 fuit,
562 1815 676 1859 atque
694 1808 1030 1847 immemorabilis!

111 1863 219 1909 Quot
237 1861 293 1898 illi
311 1860 514 1898 blanditias
530 1861 539 1898 Ξ
571 1861 665 1912 quid
682 1861 739 1899 ini
761 1862 917 1913 promisi
939 1862 1028 1900 boni
1046 1863 1057 1900 !

110 1916 218 1963 Quot
236 1914 439 1952 admoenivi
457 1913 615 1952 fabricas
633 1915 643 1951 !
674 1922 767 1966 quot
784 1915 977 1954 fallacias!
1197 1920 1221 1955 5

112 1970 160 2007 In
180 1968 387 2019 quaestione
405 1967 470 2004 vix
489 1967 677 2019 exsculpsi
695 1976 739 2006 ut
757 1968 910 2017 diceret,

112 2022 218 2069 Quia
235 2022 269 2060 ei
288 2020 444 2072 promisi
462 2021 610 2059 dolium
628 2021 707 2060 vini
725 2021 828 2060 dare.
