1412 2427
182 67 260 103 228
505 67 830 106 CAPTEIVEI.
862 67 894 106 1.
925 69 961 104 2.

183 174 344 225 Propter
362 172 420 210 sui
439 173 544 222 gnati
562 173 767 220 miseriam,
788 173 968 211 miserum
989 186 1129 212 senem.
1236 173 1284 210 ⁴21

182 227 271 273 Sed,
292 227 325 264 si
343 225 422 263 ullo
440 234 549 276 pacto
567 227 631 264 ille
649 227 724 264 huc
743 226 929 264 conciliari
948 234 1085 276 potest,

183 280 259 317 Vel
278 278 545 318 carnuficinam
564 279 666 318 hunc
684 279 818 326 facere,
839 291 992 331 possum
1012 279 1168 331 perpeti.

184 333 292 383 Heg.
322 332 422 380 Quis
440 332 504 370 hic
522 333 690 383 loquitur
703 335 721 370 ἓ

510 388 611 435 Erg.
642 387 742 435 Ego,
764 384 831 437 qui
850 395 914 423 tuo
934 399 1090 424 moerore
1108 398 1289 432 maceror,

181 438 370 486 Mat-esce,
391 451 623 486 consenesco,
637 446 674 476 et
692 441 838 476 tabesco
856 439 980 477 miser.
1238 440 1289 475 26

182 490 282 529 Ossa
299 499 413 543 atque
431 492 542 542 pellis
560 505 644 529 sum
666 490 841 543 [misera]
861 491 1122 529 macritudine.

181 544 320 596 Neque
355 557 525 596 unquam
565 545 776 596 quidquam
811 557 873 582 me
906 546 1029 594 juvat,
1074 544 1176 596 quod
1220 543 1290 582 edo

340 598 467 636 domit

183 650 292 689 Foris
310 651 591 702 aliquantillum
614 651 727 690 etiam
743 651 845 702 quod
863 660 992 702 gusto,
1009 651 1048 689 id
1068 653 1166 689 beat.

183 705 286 753 Heg.
314 704 501 756 Ergasile,
522 706 635 743 salve.

604 761 705 808 Erg.
731 758 800 796 Dii
818 765 855 796 te
874 759 969 796 bene
987 766 1129 805 ament,
1152 757 1291 808 Hegio.

185 812 292 861 Heg.
323 811 386 849 Ne
403 812 463 849 fle.

408 867 508 914 Erg.
540 865 665 915 Egon'
684 865 795 902 illum
813 876 888 902 non
908 865 1016 902 fleam
1032 866 1049 902 ?
1079 875 1197 913 egone
1215 875 1290 902 non

513 917 672 956 defleam
1235 918 1288 954 30

188 970 325 1009 Talem
345 970 618 1008 adolescentem
633 973 650 1009 Ρ

662 1026 769 1074 Heg.
800 1024 957 1075 Semper
974 1024 1086 1070 sensi,
1108 1023 1185 1062 filio

186 1076 280 1115 Meo
299 1084 336 1115 te
355 1089 433 1115 esse
452 1076 633 1123 amicum,
653 1086 689 1116 et
706 1078 816 1116 illum
835 1077 1006 1116 intellexi
1023 1078 1104 1116 tibi.

184 1132 287 1180 Erg.
337 1131 442 1168 Tum
479 1130 641 1182 denique
676 1130 848 1169 homines
884 1138 1009 1169 nostra
1044 1131 1294 1182 intelligimus

343 1186 457 1230 bona,

184 1236 330 1284 Quom,
352 1251 437 1289 quae
455 1238 493 1275 in
513 1244 696 1287 potestate
713 1237 932 1285 habuimus,
951 1251 995 1276 ea
1013 1237 1222 1277 amisimus.

184 1289 285 1341 Ego,
305 1299 507 1343 postquam
527 1299 666 1341 gnatus
685 1299 773 1329 tuus
791 1293 965 1343 potitu'st
982 1291 1164 1339 hostium,
1239 1292 1291 1329 35

184 1344 393 1394 Expertus,
414 1345 547 1396 quanti
565 1344 691 1393 fuerit,
712 1357 814 1384 nunc
832 1345 1013 1383 desidero.

185 1399 293 1446 Heg.
320 1398 484 1436 Alienus
512 1410 629 1449 quom
659 1399 740 1448 ejus
769 1397 1053 1437 incommodum
1084 1406 1163 1435 tam
1196 1410 1294 1448 aegre
1332 1412 1334 1414 ’

344 1451 456 1499 feras,

184 1503 292 1551 Quid
310 1516 373 1542 me
390 1512 537 1555 patrem
555 1518 624 1555 par
642 1505 789 1543 facere'
792 1512 840 1549 st,
861 1505 951 1555 quoi
969 1505 1058 1543 ille’
1062 1512 1095 1542 st
1113 1504 1278 1542 unicus?

184 1559 288 1606 Erg.
317 1557 481 1595 Alienus
500 1560 600 1608 ego?
630 1558 775 1596 alienus
792 1558 888 1596 ille?
915 1558 981 1605 ha,
1001 1557 1151 1607 Hegio!
1242 1558 1294 1595 39

185 1609 398 1662 Nunquam
418 1611 515 1649 istuc
533 1610 646 1658 dixis,
667 1623 789 1662 neque
807 1611 978 1648 animum
997 1611 1151 1648 induxis
1170 1617 1300 1648 tuum.

184 1663 279 1701 Tibi
297 1664 362 1702 ille
380 1664 495 1701 unicu
498 1663 569 1708 ’;st
598 1664 708 1711 mihi,
729 1664 842 1702 etiam
862 1665 973 1702 unico
992 1664 1114 1715 magis
1132 1663 1278 1702 unicus.

185 1717 292 1766 Heg.
322 1717 472 1765 Laudo,
496 1717 643 1754 malum
667 1730 784 1768 quom
810 1717 921 1755 amici
946 1725 1056 1755 tuum
1083 1717 1190 1755 ducis
1212 1729 1294 1755 ma-

343 1771 438 1808 lum·

184 1823 304 1861 Nunc
321 1823 419 1862 habe
436 1825 582 1862 bonum
601 1823 786 1861 animum.

716 1879 818 1927 Erg.
847 1878 958 1916 Eheu
978 1878 988 1915 !

803 1933 853 1969 H
853 1944 911 1981 eg.
939 1931 1045 1970 Huic
1062 1929 1158 1968 illud
1177 1929 1293 1978 dolet,

186 1983 291 2031 Quia
309 1996 411 2021 nunc
429 1984 605 2022 remissus
624 1991 678 2022 est
697 1984 831 2023 edendi
847 1984 1043 2023 exercitus.

187 2037 404 2075 Nullumne
421 2037 563 2075 interea
579 2038 739 2084 naetu's‚
760 2039 827 2089 qui
840 2046 964 2089 posset
979 2037 1051 2076 tibi
1245 2038 1297 2074 45

191 2090 423 2133 Remissum,
444 2103 558 2141 quem
579 2091 702 2138 duxti,
723 2091 908 2143 imperare
926 2091 1133 2129 exercitum
1147 2092 1165 2129 Ρ

189 2146 292 2193 Erg.
311 2143 418 2192 Quid
436 2144 583 2182 credis?
604 2144 770 2195 fugitant
787 2157 918 2183 omnes
935 2144 1033 2182 hanc
1051 2143 1298 2195 provinciam,
