1412 2427
310 61 886 102 CISTELLARIA.1V.1.
1069 64 1147 106 337

40 170 143 210 Cum
170 169 416 220 crepundiis?
452 181 521 208 nec
547 181 780 221 quemquam
809 170 1001 221 conspicor
1027 170 1146 208 alium

197 224 236 261 in
257 223 347 261 via.

40 277 281 316 Faciundum
309 285 364 315 est
388 275 533 327 puerile
559 275 750 314 officium.
787 276 1069 328 conquiniscam
1098 277 1146 315 ad

197 330 386 368 cistulam.
1116 334 1140 368 5

37 385 168 422 Phan.
198 383 306 431 Quid
324 383 417 434 agis
439 382 680 433 Lampadio?

238 438 350 475 Lam.
383 437 478 475 Haec
495 435 638 475 cistella
655 448 842 474 numnam
861 437 950 475 hinc
968 439 1016 475 ab
1033 438 1142 476 nobis

346 490 460 528 domo
478 489 560 528 oet?

33 545 140 584 Nam
157 545 249 583 hinc
267 545 315 582 ab
333 544 428 582 ostio
443 545 629 593 jacentem
648 543 795 581 sustuli.

704 598 831 635 Phan.
860 596 968 645 Quid
986 599 1141 637 nuntias

33 653 157 703 Super
175 653 283 690 anu?

102 707 218 743 Lam.
238 704 498 743 Scelestiorem
517 703 557 741 in
577 704 676 742 terra
694 704 841 742 nullam
861 717 938 742 aese
957 705 1111 743 alteram
1129 720 1139 743 ε

33 758 179 798 Omnia
195 758 338 796 inficias
356 759 410 796 ire
429 771 485 805 ea,
507 771 594 809 quae
612 758 759 795 dudum
779 757 945 796 00an
963 766 1017 796 aet
1035 760 1143 798 mihi.

31 812 138 851 Nam
151 812 315 858 (hercle)
332 824 401 862 ego
414 811 521 848 illam
537 824 654 849 anum
673 811 826 849 irridere
843 823 906 849 me
924 819 967 849 ut
986 812 1138 850 sinam?

190 865 306 904 satius
324 874 379 903 est
402 865 499 902 mihi
1090 868 1138 906 10

30 919 179 968 Quovis
197 919 312 957 exitio
329 918 492 956 interire.

348 973 478 1010 Phan.
507 971 575 1009 Dii
591 972 600 1009 !
632 974 785 1011 obsecro
804 979 970 1010 vostram
989 972 1104 1012 fidem
1123 975 1132 1012 !

30 1028 144 1066 Lam.
170 1025 278 1074 Quid
296 1025 399 1063 Deos
417 1027 585 1063 obsecras
598 1025 616 1062 Ρ

243 1080 374 1118 Ρήαη.
402 1079 556 1117 Servate
582 1091 663 1117 nos.

522 1133 636 1171 Lam.
664 1132 772 1180 Quid
791 1140 847 1171 est
864 1135 882 1171 ‚⁹

765 1188 893 1225 Phan.
922 1187 1140 1238 Crepundia

30 1241 128 1280 Haec
150 1247 252 1287 sunt,
276 1240 505 1290 quibuscum
527 1247 570 1278 tu
598 1240 768 1279 extulisti
792 1248 959 1278 nostram
984 1241 1140 1279 filiolam

187 1294 236 1332 ad
254 1305 398 1331 necem.

34 1350 146 1386 Lam.
176 1347 317 1386 Sanan'
336 1359 374 1384 es
388 1349 406 1385 ?

137 1402 264 1439 Phan.
295 1400 392 1439 Haec
411 1409 499 1440 sunt
517 1401 695 1452 profecto.

351 1454 468 1493 Lam.
499 1455 696 1506 Pergi'n’?

576 1510 702 1548 Pkan.
732 1509 829 1547 Haec
847 1516 949 1547 sunt.

829 1563 943 1600 Lam.
981 1563 1023 1602 Si
1041 1564 1138 1602 mihi

30 1615 123 1653 Alia
141 1615 278 1653 mulier
294 1615 387 1655 istoc
404 1623 514 1667 pacto
529 1616 642 1663 dicat,
662 1616 787 1654 dicam
806 1629 884 1654 esse
902 1617 1056 1654 ebriam.
1091 1619 1138 1655 15

32 1670 160 1707 Pkan.
186 1669 276 1706 Non
299 1669 474 1719 (eoestor)
494 1683 598 1708 cassa
617 1682 813 1709 memoro:
843 1682 933 1707 nam
953 1672 1140 1719 (obsecro)

191 1721 291 1759 unde
309 1722 388 1760 haec
405 1724 577 1774 gentium
591 1723 609 1760 ?

29 1776 115 1813 Aut
132 1775 218 1826 quis
236 1775 344 1813 Deus
369 1777 506 1825 objecit
532 1777 631 1816 hanc
656 1785 744 1816 ante
768 1777 909 1816 ostium
937 1779 1138 1816 nostrum?

189 1828 312 1876 Quasi

28 1881 171 1921 Dedita
189 1894 315 1932 opera,
334 1881 374 1920 in
393 1890 563 1935 tempore
580 1883 662 1936 ipso
678 1884 773 1936 Spes
790 1884 888 1922 mihi
906 1894 1035 1924 sancta
1049 1887 1138 1924 sub-

186 1935 302 1973 venit.

80 2212 183 2239 vm..
205 2214 233 2239 1.
897 2206 920 2240 2
943 2216 967 2241 G
