1412 2427
406 41 736 82 CAPTEIVEI.
764 43 839 82 IV.
868 44 905 80 2.
1131 44 1209 82 263

106 149 210 198 Hcg.
239 147 346 197 Quid
363 156 406 188 tu
423 162 491 201 pet
508 149 719 188 barbaricas
736 150 847 187 urbes
865 149 998 198 juras?

585 205 688 252 Erg.
718 202 824 249 Quia
842 202 944 240 enim
962 203 1054 240 item
1069 215 1210 254 asperae

106 255 219 303 Sunt,
238 262 282 293 ut
300 263 409 293 tuum
430 255 573 294 victum
591 257 818 293 autumabas
837 268 928 293 aese.

651 310 760 358 Heg.
787 308 860 346 Vae
879 309 979 346 aetati
996 316 1071 346 tuae
1090 310 1098 346 !
1135 309 1210 347 105

107 363 209 412 Erg.
236 361 392 413 Quippe
410 361 561 413 quando
579 362 673 400 mihi
691 362 747 400 nil
769 361 901 409 crediS,
922 362 1024 413 quod
1044 375 1112 412 ego
1130 363 1213 400 dico

266 416 410 453 sedulo.

107 469 182 507 Sed
201 468 418 519 Stalagmus
436 469 574 521 quojus
593 476 670 507 erat
684 476 776 507 tunc
793 467 968 516 nationiS,
989 480 1106 519 quom
1125 467 1213 506 hinc

267 522 360 560 abiit
373 522 386 560 ?

109 576 215 625 Heg.
242 575 404 614 Siculus.

396 631 499 679 Erg.
527 629 586 667 At
605 641 706 667 nunc
723 628 873 668 Siculus
891 641 967 667 non
983 638 1038 666 est
1052 642 1064 665 ι
1094 628 1215 667 Boius

533 690 612 726 est3
643 682 781 720 Boiam
799 682 896 721 terit.

108 734 336 773 Liberorum
354 735 648 786 quaerundorum
669 737 795 784 causa,
816 736 850 774 ei
867 735 1011 783 (credo)
1030 748 1128 773 uxor
1146 735 1213 773 da-

267 795 306 826 ta
320 789 379 826 'St-

109 842 217 891 Heg.
246 841 335 890 Die,
355 842 494 881 bonAn’
512 842 586 881 fide
600 850 642 881 tu
660 842 756 881 mihi
772 842 874 881 istaec
892 844 1006 881 verba
1023 842 1181 880 dixisti?

848 898 950 946 Erg.
979 896 1105 934 Bona.
1138 896 1215 933 110

109 949 219 998 Heg.
244 948 314 986 Dii
331 948 587 987 immortales!
616 949 755 987 iterum
779 956 891 987 natus
914 949 1056 999 videor,
1079 950 1112 987 si
1130 961 1217 987 vera

266 1009 454 1040 autumas.

111 1057 212 1104 Erg.
245 1055 313 1092 An
342 1062 384 1092 tu
415 1055 577 1093 dubium
603 1055 775 1103 habebis,
799 1056 914 1094 etiam
942 1065 1069 1094 sancte
1098 1067 1216 1107 quom

267 1109 394 1157 jurem
413 1107 482 1146 tibi
498 1110 516 1146 ἶ)

112 1162 323 1209 Postremo,
344 1161 486 1212 Hegio,
505 1161 537 1200 si
553 1174 670 1213 parva
684 1162 923 1212 jurijurando
939 1162 988 1200 ‘st
1005 1162 1110 1210 fidae,

111 1215 207 1252 Vise
224 1214 270 1252 ad
289 1222 454 1266 portum.

368 1269 476 1318 Heg.
503 1268 644 1307 Facere
663 1276 808 1308 certum
822 1269 880 1307 'st.
912 1269 977 1307 Tu
991 1269 1094 1307 intus
1114 1281 1218 1315 cura⁷

480 1322 584 1372 quod
602 1324 741 1373 opu'st.

113 1374 246 1419 Sume,
262 1386 387 1425 posce,
407 1387 538 1425 prome
558 1376 730 1427 quidvis:
760 1383 798 1413 te
815 1375 911 1414 facio
930 1376 1138 1414 cellarium.

111 1429 214 1478 Erg.
255 1428 376 1476 Nam,
410 1428 577 1476 (hercle)
607 1429 679 1468 nisi
708 1429 962 1481 panticinatus
991 1431 1108 1481 probe
1140 1441 1217 1473 ero,

267 1481 360 1521 fusti
378 1482 527 1535 pectito.
1143 1482 1218 1519 116

113 1535 223 1585 Heg.
251 1536 458 1575 AEternum
476 1536 545 1575 tibi
570 1535 758 1588 dapinabo
776 1536 933 1583 victum,
953 1536 986 1574 si
1005 1549 1092 1575 vera
1109 1545 1220 1574 autu-

271 1602 366 1628 mas.

117 1644 219 1693 Erg.
248 1643 363 1682 Unde
380 1643 419 1682 id
436 1646 453 1682 ἒ

223 1697 331 1746 Heg.
358 1698 399 1736 A
416 1710 481 1735 me
498 1709 659 1749 meoque
676 1705 803 1749 gnato.

431 1753 536 1801 Erg.
562 1751 768 1803 Sponde'n‘
787 1759 831 1790 tu
848 1750 951 1790 istud
963 1750 982 1787 Ρ

896 1806 1001 1855 Heg.
1034 1802 1222 1855 Spondeo.

115 1856 217 1904 Erg.
245 1855 304 1893 At
321 1869 392 1907 ego
409 1864 520 1895 tuum
537 1857 608 1897 tibi
625 1857 818 1897 advenisse
834 1858 958 1897 filium
977 1856 1192 1909 respondeo-

116 1910 220 1958 Heg·
249 1909 353 1949 Cura
370 1923 487 1962 quam
505 1919 662 1963 optume
678 1920 797 1962 potoe.

382 1966 483 2015 Erg.
515 1965 624 2006 Bene
640 1967 810 2016 ambula,
828 1973 865 2006 et
883 1965 1114 2005 redambula.
1147 1963 1223 1999 1⁶20
