<?xml version="1.0" encoding="UTF-8"?>
<!DOCTYPE html PUBLIC "-//W3C//DTD XHTML 1.0 Transitional//EN"
    "http://www.w3.org/TR/xhtml1/DTD/xhtml1-transitional.dtd">
<html xmlns="http://www.w3.org/1999/xhtml" xml:lang="en" lang="en">
 <head>
  <title>
</title>
<meta http-equiv="Content-Type" content="text/html;charset=utf-8" />
  <meta name='ocr-system' content='tesseract 3.04.00' />
  <meta name='ocr-capabilities' content='ocr_page ocr_carea ocr_par ocr_line ocrx_word'/>
</head>
<body>
  <div class='ocr_page' id='page_1' title='image "./comoediaesupers01plauuoft_0246.png"; bbox 0 0 1412 2427; ppageno 0'>
   <div class='ocr_carea' id='block_1_1' title="bbox 225 66 1023 106">
    <p class='ocr_par' dir='ltr' id='par_1_1' title="bbox 225 66 1023 106">
     <span class='ocr_line' id='line_1_1' title="bbox 225 66 1023 106; baseline 0.004 -3"><span class='ocrx_word' id='word_1_1' title='bbox 225 66 303 104; x_wconf 81' lang='lat'><strong>238</strong></span> <span class='ocrx_word' id='word_1_2' title='bbox 539 67 864 106; x_wconf 84' lang='lat' dir='ltr'><strong>CAPTEIVEI.</strong></span> <span class='ocrx_word' id='word_1_3' title='bbox 894 68 953 106; x_wconf 95' lang='lat' dir='ltr'><strong>II.</strong></span> <span class='ocrx_word' id='word_1_4' title='bbox 982 69 1023 106; x_wconf 86' lang='lat'><strong>3.</strong></span> 
     </span>
    </p>
   </div>
   <div class='ocr_carea' id='block_1_2' title="bbox 220 174 1332 1077">
    <p class='ocr_par' dir='ltr' id='par_1_2' title="bbox 220 174 1332 1077">
     <span class='ocr_line' id='line_1_2' title="bbox 524 174 1328 222; baseline 0.001 -10"><span class='ocrx_word' id='word_1_5' title='bbox 524 174 650 222; x_wconf 76' lang='lat' dir='ltr'><em>Tynd.</em></span> <span class='ocrx_word' id='word_1_6' title='bbox 681 174 793 213; x_wconf 87' lang='lat' dir='ltr'>Volo.</span> <span class='ocrx_word' id='word_1_7' title='bbox 1255 175 1328 213; x_wconf 85' lang='lat'><strong>101</strong></span> 
     </span>
     <span class='ocr_line' id='line_1_3' title="bbox 225 226 1331 278; baseline 0.002 -14"><span class='ocrx_word' id='word_1_8' title='bbox 225 226 356 274; x_wconf 83' lang='lat' dir='ltr'>Quam</span> <span class='ocrx_word' id='word_1_9' title='bbox 383 227 572 265; x_wconf 75' lang='lat' dir='ltr'><strong>citissume</strong></span> <span class='ocrx_word' id='word_1_10' title='bbox 598 234 735 278; x_wconf 87' lang='lat' dir='ltr'>potest,</span> <span class='ocrx_word' id='word_1_11' title='bbox 762 235 842 265; x_wconf 85' lang='lat' dir='ltr'><strong>tam</strong></span> <span class='ocrx_word' id='word_1_12' title='bbox 866 228 938 267; x_wconf 85' lang='lat' dir='ltr'><strong>hoc</strong></span> <span class='ocrx_word' id='word_1_13' title='bbox 961 227 1091 266; x_wconf 71' lang='lat' dir='ltr'>cedere</span> <span class='ocrx_word' id='word_1_14' title='bbox 1113 226 1162 265; x_wconf 82' lang='lat' dir='ltr'><strong>ad</strong></span> <span class='ocrx_word' id='word_1_15' title='bbox 1186 226 1331 266; x_wconf 86' lang='lat' dir='ltr'><strong>factum</strong></span> 
     </span>
     <span class='ocr_line' id='line_1_4' title="bbox 387 280 483 318; baseline 0 0"><span class='ocrx_word' id='word_1_16' title='bbox 387 280 483 318; x_wconf 86' lang='lat' dir='ltr'>volo.</span> 
     </span>
     <span class='ocr_line' id='line_1_5' title="bbox 224 334 1332 385; baseline 0.002 -15"><span class='ocrx_word' id='word_1_17' title='bbox 224 335 332 384; x_wconf 82' lang='lat' dir='ltr'><em>Heg.</em></span> <span class='ocrx_word' id='word_1_18' title='bbox 360 334 468 371; x_wconf 90' lang='lat' dir='ltr'><strong>Num</strong></span> <span class='ocrx_word' id='word_1_19' title='bbox 488 347 574 384; x_wconf 91' lang='lat' dir='ltr'><strong>quae</strong></span> <span class='ocrx_word' id='word_1_20' title='bbox 592 347 703 373; x_wconf 84' lang='lat' dir='ltr'>causa</span> <span class='ocrx_word' id='word_1_21' title='bbox 716 335 777 382; x_wconf 88' lang='lat' dir='ltr'>&#39;‚st</span> <span class='ocrx_word' id='word_1_22' title='bbox 791 334 900 385; x_wconf 80' lang='lat' dir='ltr'>quin,</span> <span class='ocrx_word' id='word_1_23' title='bbox 922 334 954 373; x_wconf 90' lang='lat' dir='ltr'><strong>si</strong></span> <span class='ocrx_word' id='word_1_24' title='bbox 976 334 1043 373; x_wconf 83' lang='lat' dir='ltr'>ille</span> <span class='ocrx_word' id='word_1_25' title='bbox 1059 334 1135 373; x_wconf 85' lang='lat' dir='ltr'><strong>huc</strong></span> <span class='ocrx_word' id='word_1_26' title='bbox 1151 346 1228 373; x_wconf 91' lang='lat' dir='ltr'><strong>non</strong></span> <span class='ocrx_word' id='word_1_27' title='bbox 1247 334 1332 372; x_wconf 88' lang='lat' dir='ltr'>red-</span> 
     </span>
     <span class='ocr_line' id='line_1_6' title="bbox 383 387 749 437; baseline 0 -12"><span class='ocrx_word' id='word_1_28' title='bbox 383 395 456 433; x_wconf 82' lang='lat' dir='ltr'>eat,</span> <span class='ocrx_word' id='word_1_29' title='bbox 476 387 609 437; x_wconf 86' lang='lat' dir='ltr'>viginti</span> <span class='ocrx_word' id='word_1_30' title='bbox 626 388 749 426; x_wconf 86' lang='lat' dir='ltr'>minas</span> 
     </span>
     <span class='ocr_line' id='line_1_7' title="bbox 225 439 614 492; baseline 0.003 -15"><span class='ocrx_word' id='word_1_31' title='bbox 225 439 330 478; x_wconf 87' lang='lat' dir='ltr'><strong>Mihi</strong></span> <span class='ocrx_word' id='word_1_32' title='bbox 347 440 412 478; x_wconf 86' lang='lat' dir='ltr'><strong>des</strong></span> <span class='ocrx_word' id='word_1_33' title='bbox 432 453 499 492; x_wconf 89' lang='lat' dir='ltr'><strong>pro</strong></span> <span class='ocrx_word' id='word_1_34' title='bbox 517 440 614 479; x_wconf 85' lang='lat' dir='ltr'>illo?</span> 
     </span>
     <span class='ocr_line' id='line_1_8' title="bbox 495 494 975 544; baseline 0 -12"><span class='ocrx_word' id='word_1_35' title='bbox 495 495 620 544; x_wconf 80' lang='lat' dir='ltr'><strong><em>Tynd.</em></strong></span> <span class='ocrx_word' id='word_1_36' title='bbox 651 494 826 544; x_wconf 87' lang='lat' dir='ltr'>Optuma</span> <span class='ocrx_word' id='word_1_37' title='bbox 842 494 975 532; x_wconf 90' lang='lat' dir='ltr'>immo.</span> 
     </span>
     <span class='ocr_line' id='line_1_9' title="bbox 703 547 1330 598; baseline 0 -12"><span class='ocrx_word' id='word_1_38' title='bbox 703 550 811 598; x_wconf 83' lang='lat' dir='ltr'><em>Heg.</em></span> <span class='ocrx_word' id='word_1_39' title='bbox 831 547 972 586; x_wconf 89' lang='lat' dir='ltr'>Solvite</span> <span class='ocrx_word' id='word_1_40' title='bbox 982 548 1099 586; x_wconf 88' lang='lat' dir='ltr'><strong>istum</strong></span> <span class='ocrx_word' id='word_1_41' title='bbox 1117 559 1218 587; x_wconf 89' lang='lat' dir='ltr'><strong>nunc</strong></span> <span class='ocrx_word' id='word_1_42' title='bbox 1232 549 1330 598; x_wconf 86' lang='lat' dir='ltr'>jam,</span> 
     </span>
     <span class='ocr_line' id='line_1_10' title="bbox 221 600 589 652; baseline 0 -14"><span class='ocrx_word' id='word_1_43' title='bbox 221 600 355 652; x_wconf 84' lang='lat' dir='ltr'>Atque</span> <span class='ocrx_word' id='word_1_44' title='bbox 372 607 589 652; x_wconf 87' lang='lat' dir='ltr'><strong>utrumque.</strong></span> 
     </span>
     <span class='ocr_line' id='line_1_11' title="bbox 388 653 1328 706; baseline 0 -15"><span class='ocrx_word' id='word_1_45' title='bbox 388 656 435 691; x_wconf 95' lang='lat' dir='ltr'><em>T</em></span> <span class='ocrx_word' id='word_1_46' title='bbox 421 656 513 703; x_wconf 69' lang='lat' dir='ltr'><strong>Jnd</strong></span> <span class='ocrx_word' id='word_1_47' title='bbox 542 654 610 691; x_wconf 83' lang='lat' dir='ltr'><strong>Dii</strong></span> <span class='ocrx_word' id='word_1_48' title='bbox 629 653 697 693; x_wconf 88' lang='lat' dir='ltr'><strong>tibi</strong></span> <span class='ocrx_word' id='word_1_49' title='bbox 716 667 846 693; x_wconf 86' lang='lat' dir='ltr'>omnes</span> <span class='ocrx_word' id='word_1_50' title='bbox 863 654 992 692; x_wconf 86' lang='lat' dir='ltr'>omnia</span> <span class='ocrx_word' id='word_1_51' title='bbox 1009 661 1139 706; x_wconf 83' lang='lat' dir='ltr'>optata</span> <span class='ocrx_word' id='word_1_52' title='bbox 1156 654 1328 702; x_wconf 78' lang='lat' dir='ltr'>afferant,</span> 
     </span>
     <span class='ocr_line' id='line_1_12' title="bbox 222 707 1329 759; baseline 0.002 -15"><span class='ocrx_word' id='word_1_53' title='bbox 222 707 354 755; x_wconf 87' lang='lat' dir='ltr'>Quom</span> <span class='ocrx_word' id='word_1_54' title='bbox 375 720 437 745; x_wconf 88' lang='lat' dir='ltr'><strong>me</strong></span> <span class='ocrx_word' id='word_1_55' title='bbox 459 715 564 744; x_wconf 84' lang='lat' dir='ltr'>tanto</span> <span class='ocrx_word' id='word_1_56' title='bbox 588 707 729 746; x_wconf 86' lang='lat' dir='ltr'>honore</span> <span class='ocrx_word' id='word_1_57' title='bbox 753 708 941 755; x_wconf 80' lang='lat' dir='ltr'>honestas,</span> <span class='ocrx_word' id='word_1_58' title='bbox 968 721 1162 759; x_wconf 88' lang='lat' dir='ltr'>quomque</span> <span class='ocrx_word' id='word_1_59' title='bbox 1180 721 1228 746; x_wconf 84' lang='lat' dir='ltr'><strong>ex</strong></span> <span class='ocrx_word' id='word_1_60' title='bbox 1246 707 1329 746; x_wconf 86' lang='lat' dir='ltr'>vin-</span> 
     </span>
     <span class='ocr_line' id='line_1_13' title="bbox 381 760 1331 799; baseline 0 -1"><span class='ocrx_word' id='word_1_61' title='bbox 381 761 447 798; x_wconf 87' lang='lat' dir='ltr'>clis</span> <span class='ocrx_word' id='word_1_62' title='bbox 465 760 611 799; x_wconf 83' lang='lat' dir='ltr'><strong>eximis.</strong></span> <span class='ocrx_word' id='word_1_63' title='bbox 1254 761 1331 798; x_wconf 87' lang='lat'><strong>106</strong></span> 
     </span>
     <span class='ocr_line' id='line_1_14' title="bbox 224 813 1332 866; baseline 0 -14"><span class='ocrx_word' id='word_1_64' title='bbox 224 814 312 852; x_wconf 90' lang='lat' dir='ltr'><strong>Hoc</strong></span> <span class='ocrx_word' id='word_1_65' title='bbox 347 814 502 864; x_wconf 90' lang='lat' dir='ltr'>quidem</span> <span class='ocrx_word' id='word_1_66' title='bbox 532 813 636 852; x_wconf 88' lang='lat' dir='ltr'><strong>haud</strong></span> <span class='ocrx_word' id='word_1_67' title='bbox 668 814 900 853; x_wconf 89' lang='lat' dir='ltr'>molestum’</span> <span class='ocrx_word' id='word_1_68' title='bbox 902 823 936 853; x_wconf 90' lang='lat' dir='ltr'><strong>st</strong></span> <span class='ocrx_word' id='word_1_69' title='bbox 957 816 1055 865; x_wconf 85' lang='lat' dir='ltr'><strong>jam,</strong></span> <span class='ocrx_word' id='word_1_70' title='bbox 1082 814 1185 866; x_wconf 92' lang='lat' dir='ltr'>quod</span> <span class='ocrx_word' id='word_1_71' title='bbox 1212 814 1332 852; x_wconf 89' lang='lat' dir='ltr'>collus</span> 
     </span>
     <span class='ocr_line' id='line_1_15' title="bbox 380 867 661 906; baseline 0.007 -2"><span class='ocrx_word' id='word_1_72' title='bbox 380 867 531 904; x_wconf 51' lang='lat' dir='ltr'>collari}</span> <span class='ocrx_word' id='word_1_73' title='bbox 551 875 661 906; x_wconf 85' lang='lat' dir='ltr'><strong>caret.</strong></span> 
     </span>
     <span class='ocr_line' id='line_1_16' title="bbox 220 919 1326 972; baseline 0.002 -15"><span class='ocrx_word' id='word_1_74' title='bbox 220 922 328 970; x_wconf 83' lang='lat' dir='ltr'><em>Heg.</em></span> <span class='ocrx_word' id='word_1_75' title='bbox 356 919 472 967; x_wconf 88' lang='lat' dir='ltr'>Quod</span> <span class='ocrx_word' id='word_1_76' title='bbox 492 921 599 958; x_wconf 87' lang='lat' dir='ltr'>bonis</span> <span class='ocrx_word' id='word_1_77' title='bbox 617 921 756 959; x_wconf 88' lang='lat' dir='ltr'><strong>benefit</strong></span> <span class='ocrx_word' id='word_1_78' title='bbox 775 920 1015 970; x_wconf 87' lang='lat' dir='ltr'>beneficium,</span> <span class='ocrx_word' id='word_1_79' title='bbox 1035 920 1156 972; x_wconf 83' lang='lat' dir='ltr'>gratia</span> <span class='ocrx_word' id='word_1_80' title='bbox 1174 933 1218 958; x_wconf 81' lang='lat' dir='ltr'><strong>ea</strong></span> <span class='ocrx_word' id='word_1_81' title='bbox 1239 933 1326 971; x_wconf 85' lang='lat' dir='ltr'>gra-</span> 
     </span>
     <span class='ocr_line' id='line_1_17' title="bbox 381 972 667 1011; baseline 0 -1"><span class='ocrx_word' id='word_1_82' title='bbox 381 973 468 1011; x_wconf 88' lang='lat' dir='ltr'>vida</span> <span class='ocrx_word' id='word_1_83' title='bbox 480 972 528 1011; x_wconf 87' lang='lat' dir='ltr'><strong>’st</strong></span> <span class='ocrx_word' id='word_1_84' title='bbox 547 974 667 1011; x_wconf 89' lang='lat' dir='ltr'>bonis.</span> 
     </span>
     <span class='ocr_line' id='line_1_18' title="bbox 221 1026 1323 1077; baseline 0 -12"><span class='ocrx_word' id='word_1_85' title='bbox 221 1028 338 1065; x_wconf 87' lang='lat' dir='ltr'><strong>Nunc</strong></span> <span class='ocrx_word' id='word_1_86' title='bbox 357 1034 398 1064; x_wconf 90' lang='lat' dir='ltr'><strong>tu</strong></span> <span class='ocrx_word' id='word_1_87' title='bbox 417 1026 529 1064; x_wconf 89' lang='lat' dir='ltr'><strong>illum</strong></span> <span class='ocrx_word' id='word_1_88' title='bbox 548 1027 579 1064; x_wconf 88' lang='lat' dir='ltr'><strong>si</strong></span> <span class='ocrx_word' id='word_1_89' title='bbox 597 1027 663 1066; x_wconf 90' lang='lat' dir='ltr'>illo</span> <span class='ocrx_word' id='word_1_90' title='bbox 686 1039 725 1064; x_wconf 87' lang='lat' dir='ltr'><strong>es</strong></span> <span class='ocrx_word' id='word_1_91' title='bbox 749 1026 948 1077; x_wconf 83' lang='lat' dir='ltr'>missurus,</span> <span class='ocrx_word' id='word_1_92' title='bbox 970 1027 1067 1077; x_wconf 81' lang='lat' dir='ltr'>dice,</span> <span class='ocrx_word' id='word_1_93' title='bbox 1094 1027 1323 1076; x_wconf 85' lang='lat' dir='ltr'>demonstra,</span> 
     </span>
    </p>
   </div>
   <div class='ocr_carea' id='block_1_3' title="bbox 219 1093 1327 1290">
    <p class='ocr_par' dir='ltr' id='par_1_3' title="bbox 219 1093 1327 1290">
     <span class='ocr_line' id='line_1_19' title="bbox 219 1093 1327 1214; baseline 0.002 -43"><span class='ocrx_word' id='word_1_94' title='bbox 219 1133 320 1181; x_wconf 86' lang='lat' dir='ltr'><strong>Quae</strong></span> <span class='ocrx_word' id='word_1_95' title='bbox 354 1093 584 1214; x_wconf 39' lang='lat' dir='ltr'><strong>agrsscgtpglzn</strong></span> <span class='ocrx_word' id='word_1_96' title='bbox 621 1133 677 1172; x_wconf 89' lang='lat' dir='ltr'><strong>vis</strong></span> <span class='ocrx_word' id='word_1_97' title='bbox 713 1133 892 1172; x_wconf 83' lang='lat' dir='ltr'><strong>nuntiari.</strong></span> <span class='ocrx_word' id='word_1_98' title='bbox 938 1133 1047 1173; x_wconf 85' lang='lat' dir='ltr'><strong>vi’n’</strong></span> <span class='ocrx_word' id='word_1_99' title='bbox 1084 1145 1214 1173; x_wconf 89' lang='lat' dir='ltr'>vocem</span> <span class='ocrx_word' id='word_1_100' title='bbox 1250 1133 1327 1173; x_wconf 84' lang='lat' dir='ltr'><strong>huc</strong></span> 
     </span>
     <span class='ocr_line' id='line_1_20' title="bbox 378 1185 1326 1290; baseline 0 -12"><span class='ocrx_word' id='word_1_101' title='bbox 378 1185 506 1225; x_wconf 60' lang='lat' dir='ltr'>adte&#39;</span> <span class='ocrx_word' id='word_1_102' title='bbox 545 1240 671 1290; x_wconf 72' lang='lat' dir='ltr'><em>Tynd.</em></span> <span class='ocrx_word' id='word_1_103' title='bbox 697 1240 816 1278; x_wconf 74' lang='lat' dir='ltr'>voca.</span> <span class='ocrx_word' id='word_1_104' title='bbox 1251 1240 1326 1278; x_wconf 89' lang='lat'><strong>110</strong></span> 
     </span>
    </p>
   </div>
   <div class='ocr_carea' id='block_1_4' title="bbox 323 1399 1206 1547">
    <p class='ocr_par' dir='ltr' id='par_1_4' title="bbox 323 1399 1206 1547">
     <span class='ocr_line' id='line_1_21' title="bbox 459 1399 1088 1440; baseline 0 0"><span class='ocrx_word' id='word_1_105' title='bbox 459 1401 648 1440; x_wconf 89' lang='lat' dir='ltr'>ACTUS</span> <span class='ocrx_word' id='word_1_106' title='bbox 677 1401 738 1439; x_wconf 91' lang='grc' dir='ltr'><strong>ΙΙ.</strong></span> <span class='ocrx_word' id='word_1_107' title='bbox 790 1399 975 1439; x_wconf 87' lang='lat' dir='ltr'>SCENA</span> <span class='ocrx_word' id='word_1_108' title='bbox 1003 1401 1088 1440; x_wconf 91' lang='lat' dir='ltr'><strong>III.</strong></span> 
     </span>
     <span class='ocr_line' id='line_1_22' title="bbox 323 1507 1206 1547; baseline -0.001 -1"><span class='ocrx_word' id='word_1_109' title='bbox 323 1508 496 1547; x_wconf 77' lang='lat' dir='ltr'>HEGIo.</span> <span class='ocrx_word' id='word_1_110' title='bbox 540 1507 886 1545; x_wconf 73' lang='lat' dir='ltr'>PmLocRATES.</span> <span class='ocrx_word' id='word_1_111' title='bbox 929 1507 1206 1546; x_wconf 78' lang='lat' dir='ltr'>TYNDARUS.</span> 
     </span>
    </p>
   </div>
   <div class='ocr_carea' id='block_1_5' title="bbox 209 1613 1322 2198">
    <p class='ocr_par' dir='ltr' id='par_1_5' title="bbox 214 1613 1200 1718">
     <span class='ocr_line' id='line_1_23' title="bbox 216 1613 1200 1664; baseline -0.002 -12"><span class='ocrx_word' id='word_1_112' title='bbox 216 1615 324 1664; x_wconf 81' lang='lat' dir='ltr'><strong><em>Heg.</em></strong></span> <span class='ocrx_word' id='word_1_113' title='bbox 351 1614 452 1662; x_wconf 87' lang='lat' dir='ltr'><strong>Quae</strong></span> <span class='ocrx_word' id='word_1_114' title='bbox 469 1627 527 1652; x_wconf 58' lang='grc' dir='ltr'><strong>τω</strong></span> <span class='ocrx_word' id='word_1_115' title='bbox 544 1615 641 1652; x_wconf 87' lang='lat' dir='ltr'>bene</span> <span class='ocrx_word' id='word_1_116' title='bbox 658 1619 781 1651; x_wconf 74' lang='lat' dir='ltr'>vortat</span> <span class='ocrx_word' id='word_1_117' title='bbox 797 1613 908 1660; x_wconf 80' lang='lat' dir='ltr'><strong>mihi,</strong></span> <span class='ocrx_word' id='word_1_118' title='bbox 927 1625 1089 1664; x_wconf 88' lang='lat' dir='ltr'>meoque</span> <span class='ocrx_word' id='word_1_119' title='bbox 1106 1613 1200 1662; x_wconf 83' lang='lat' dir='ltr'>filio,</span> 
     </span>
     <span class='ocr_line' id='line_1_24' title="bbox 214 1666 1148 1718; baseline 0.001 -13"><span class='ocrx_word' id='word_1_120' title='bbox 214 1667 436 1718; x_wconf 86' lang='lat' dir='ltr'>Vobisque3</span> <span class='ocrx_word' id='word_1_121' title='bbox 465 1668 543 1705; x_wconf 88' lang='lat' dir='ltr'>volt</span> <span class='ocrx_word' id='word_1_122' title='bbox 561 1675 598 1705; x_wconf 87' lang='lat' dir='ltr'><strong>te</strong></span> <span class='ocrx_word' id='word_1_123' title='bbox 616 1678 737 1704; x_wconf 89' lang='lat' dir='ltr'>novus</span> <span class='ocrx_word' id='word_1_124' title='bbox 755 1666 868 1704; x_wconf 80' lang='lat' dir='ltr'>herus</span> <span class='ocrx_word' id='word_1_125' title='bbox 886 1679 1039 1718; x_wconf 83' lang='lat' dir='ltr'>operam</span> <span class='ocrx_word' id='word_1_126' title='bbox 1059 1667 1148 1706; x_wconf 87' lang='lat' dir='ltr'><strong>dare</strong></span> 
     </span>
    </p>

    <p class='ocr_par' dir='ltr' id='par_1_6' title="bbox 215 1719 1110 1770">
     <span class='ocr_line' id='line_1_25' title="bbox 215 1719 1110 1770; baseline 0 -13"><span class='ocrx_word' id='word_1_127' title='bbox 215 1719 305 1757; x_wconf 86' lang='lat' dir='ltr'><strong>Tuo</strong></span> <span class='ocrx_word' id='word_1_128' title='bbox 324 1721 437 1758; x_wconf 85' lang='lat' dir='ltr'>veteri</span> <span class='ocrx_word' id='word_1_129' title='bbox 457 1720 626 1767; x_wconf 82' lang='lat' dir='ltr'>domino,</span> <span class='ocrx_word' id='word_1_130' title='bbox 645 1719 748 1770; x_wconf 90' lang='lat' dir='ltr'>quod</span> <span class='ocrx_word' id='word_1_131' title='bbox 766 1719 798 1757; x_wconf 91' lang='lat' dir='ltr'><strong>is</strong></span> <span class='ocrx_word' id='word_1_132' title='bbox 817 1720 919 1767; x_wconf 81' lang='lat' dir='ltr'>velit,</span> <span class='ocrx_word' id='word_1_133' title='bbox 939 1719 1110 1758; x_wconf 87' lang='lat' dir='ltr'><strong>fideliter.</strong></span> 
     </span>
    </p>

    <p class='ocr_par' dir='ltr' id='par_1_7' title="bbox 213 1772 1322 1919">
     <span class='ocr_line' id='line_1_26' title="bbox 214 1772 1244 1824; baseline 0.002 -14"><span class='ocrx_word' id='word_1_134' title='bbox 214 1773 320 1810; x_wconf 88' lang='lat' dir='ltr'><strong>Nam</strong></span> <span class='ocrx_word' id='word_1_135' title='bbox 339 1786 408 1824; x_wconf 89' lang='lat' dir='ltr'><strong>ego</strong></span> <span class='ocrx_word' id='word_1_136' title='bbox 426 1782 463 1812; x_wconf 90' lang='lat' dir='ltr'><strong>te</strong></span> <span class='ocrx_word' id='word_1_137' title='bbox 480 1781 722 1811; x_wconf 87' lang='lat' dir='ltr'><strong>aestumatum</strong></span> <span class='ocrx_word' id='word_1_138' title='bbox 739 1772 830 1811; x_wconf 83' lang='lat' dir='ltr'><strong>huic</strong></span> <span class='ocrx_word' id='word_1_139' title='bbox 847 1773 934 1811; x_wconf 84' lang='lat' dir='ltr'>dedi</span> <span class='ocrx_word' id='word_1_140' title='bbox 952 1773 1087 1823; x_wconf 80' lang='lat' dir='ltr'>viginti</span> <span class='ocrx_word' id='word_1_141' title='bbox 1104 1773 1244 1823; x_wconf 86' lang='lat' dir='ltr'><strong>minis;</strong></span> 
     </span>
     <span class='ocr_line' id='line_1_27' title="bbox 213 1826 1322 1877; baseline 0.003 -13"><span class='ocrx_word' id='word_1_142' title='bbox 213 1826 291 1864; x_wconf 90' lang='lat' dir='ltr'><strong>Hic</strong></span> <span class='ocrx_word' id='word_1_143' title='bbox 309 1835 437 1865; x_wconf 86' lang='lat' dir='ltr'><strong>autem</strong></span> <span class='ocrx_word' id='word_1_144' title='bbox 456 1835 492 1865; x_wconf 87' lang='lat' dir='ltr'><strong>te</strong></span> <span class='ocrx_word' id='word_1_145' title='bbox 511 1827 563 1864; x_wconf 82' lang='lat' dir='ltr'><strong>ait</strong></span> <span class='ocrx_word' id='word_1_146' title='bbox 580 1827 728 1864; x_wconf 83' lang='lat' dir='ltr'><strong>mittere</strong></span> <span class='ocrx_word' id='word_1_147' title='bbox 746 1826 835 1864; x_wconf 89' lang='lat' dir='ltr'><strong>hinc</strong></span> <span class='ocrx_word' id='word_1_148' title='bbox 853 1827 949 1865; x_wconf 86' lang='lat' dir='ltr'>velle</span> <span class='ocrx_word' id='word_1_149' title='bbox 967 1826 1016 1864; x_wconf 86' lang='lat' dir='ltr'><strong>ad</strong></span> <span class='ocrx_word' id='word_1_150' title='bbox 1034 1833 1196 1877; x_wconf 80' lang='lat' dir='ltr'>patrem,</span> <span class='ocrx_word' id='word_1_151' title='bbox 1296 1830 1322 1867; x_wconf 87' lang='grc'><strong>5</strong></span> 
     </span>
     <span class='ocr_line' id='line_1_28' title="bbox 213 1878 1046 1919; baseline 0.001 -3"><span class='ocrx_word' id='word_1_152' title='bbox 213 1878 352 1917; x_wconf 87' lang='lat' dir='ltr'><strong>Meum</strong></span> <span class='ocrx_word' id='word_1_153' title='bbox 371 1888 414 1918; x_wconf 89' lang='lat' dir='ltr'><strong>ut</strong></span> <span class='ocrx_word' id='word_1_154' title='bbox 430 1881 508 1919; x_wconf 86' lang='lat' dir='ltr'>illic</span> <span class='ocrx_word' id='word_1_155' title='bbox 525 1880 686 1918; x_wconf 82' lang='lat' dir='ltr'>redimat</span> <span class='ocrx_word' id='word_1_156' title='bbox 704 1880 852 1917; x_wconf 88' lang='lat' dir='ltr'>filium:</span> <span class='ocrx_word' id='word_1_157' title='bbox 883 1880 1046 1918; x_wconf 78' lang='lat' dir='ltr'>mutatio</span> 
     </span>
    </p>

    <p class='ocr_par' dir='ltr' id='par_1_8' title="bbox 211 1932 1075 1985">
     <span class='ocr_line' id='line_1_29' title="bbox 211 1932 1075 1985; baseline 0 -14"><span class='ocrx_word' id='word_1_158' title='bbox 211 1933 319 1971; x_wconf 88' lang='lat' dir='ltr'>Inter</span> <span class='ocrx_word' id='word_1_159' title='bbox 335 1946 398 1971; x_wconf 88' lang='lat' dir='ltr'><strong>me</strong></span> <span class='ocrx_word' id='word_1_160' title='bbox 416 1942 529 1985; x_wconf 88' lang='lat' dir='ltr'><strong>atque</strong></span> <span class='ocrx_word' id='word_1_161' title='bbox 547 1934 659 1970; x_wconf 86' lang='lat' dir='ltr'><strong>illum</strong></span> <span class='ocrx_word' id='word_1_162' title='bbox 677 1941 721 1971; x_wconf 84' lang='lat' dir='ltr'><strong>ut</strong></span> <span class='ocrx_word' id='word_1_163' title='bbox 738 1934 872 1971; x_wconf 86' lang='lat' dir='ltr'>nostris</span> <span class='ocrx_word' id='word_1_164' title='bbox 891 1933 957 1971; x_wconf 90' lang='lat' dir='ltr'><strong>fiat</strong></span> <span class='ocrx_word' id='word_1_165' title='bbox 975 1932 1075 1972; x_wconf 91' lang='grc'><strong>61115.</strong></span> 
     </span>
    </p>

    <p class='ocr_par' dir='ltr' id='par_1_9' title="bbox 210 1986 1321 2092">
     <span class='ocr_line' id='line_1_30' title="bbox 211 1986 1321 2038; baseline 0.004 -15"><span class='ocrx_word' id='word_1_166' title='bbox 211 1988 364 2024; x_wconf 76' lang='grc' dir='ltr'><strong><em>ΡΙιὶῑοο.</em></strong></span> <span class='ocrx_word' id='word_1_167' title='bbox 387 1988 559 2038; x_wconf 88' lang='lat' dir='ltr'>Utroque</span> <span class='ocrx_word' id='word_1_168' title='bbox 576 1999 730 2025; x_wconf 83' lang='lat' dir='ltr'>vorsum</span> <span class='ocrx_word' id='word_1_169' title='bbox 747 1994 892 2025; x_wconf 83' lang='lat' dir='ltr'><strong>rectum</strong></span> <span class='ocrx_word' id='word_1_170' title='bbox 907 1986 956 2025; x_wconf 84' lang='lat' dir='ltr'><strong>’st</strong></span> <span class='ocrx_word' id='word_1_171' title='bbox 967 1986 1164 2037; x_wconf 87' lang='lat' dir='ltr'><strong>ingenium</strong></span> <span class='ocrx_word' id='word_1_172' title='bbox 1174 1999 1321 2037; x_wconf 89' lang='lat' dir='ltr'><strong>meum,</strong></span> 
     </span>
     <span class='ocr_line' id='line_1_31' title="bbox 210 2039 1141 2092; baseline 0.001 -15"><span class='ocrx_word' id='word_1_173' title='bbox 210 2039 280 2078; x_wconf 85' lang='lat' dir='ltr'><strong>Ad</strong></span> <span class='ocrx_word' id='word_1_174' title='bbox 298 2048 348 2088; x_wconf 84' lang='lat' dir='ltr'><strong>te,</strong></span> <span class='ocrx_word' id='word_1_175' title='bbox 365 2041 489 2092; x_wconf 90' lang='lat' dir='ltr'>adque</span> <span class='ocrx_word' id='word_1_176' title='bbox 507 2040 631 2078; x_wconf 89' lang='lat' dir='ltr'>illum.</span> <span class='ocrx_word' id='word_1_177' title='bbox 674 2041 749 2078; x_wconf 90' lang='lat' dir='ltr'><strong>Pro</strong></span> <span class='ocrx_word' id='word_1_178' title='bbox 768 2041 867 2088; x_wconf 55' lang='lat' dir='ltr'>rota,</span> <span class='ocrx_word' id='word_1_179' title='bbox 887 2053 951 2079; x_wconf 86' lang='lat' dir='ltr'><strong>me</strong></span> <span class='ocrx_word' id='word_1_180' title='bbox 968 2041 1026 2077; x_wconf 85' lang='lat' dir='ltr'><strong>uti</strong></span> <span class='ocrx_word' id='word_1_181' title='bbox 1042 2040 1141 2078; x_wconf 85' lang='lat' dir='ltr'><strong>licet.</strong></span> 
     </span>
    </p>

    <p class='ocr_par' dir='ltr' id='par_1_10' title="bbox 209 2093 1317 2198">
     <span class='ocr_line' id='line_1_32' title="bbox 209 2093 1317 2144; baseline 0.002 -13"><span class='ocrx_word' id='word_1_182' title='bbox 209 2093 288 2131; x_wconf 87' lang='lat' dir='ltr'><strong>Vel</strong></span> <span class='ocrx_word' id='word_1_183' title='bbox 305 2106 375 2144; x_wconf 86' lang='lat' dir='ltr'><strong>ego</strong></span> <span class='ocrx_word' id='word_1_184' title='bbox 392 2094 468 2132; x_wconf 87' lang='lat' dir='ltr'><strong>huc</strong></span> <span class='ocrx_word' id='word_1_185' title='bbox 481 2094 541 2132; x_wconf 88' lang='lat' dir='ltr'><strong>vel</strong></span> <span class='ocrx_word' id='word_1_186' title='bbox 557 2094 649 2131; x_wconf 87' lang='lat' dir='ltr'>illuc</span> <span class='ocrx_word' id='word_1_187' title='bbox 667 2102 806 2141; x_wconf 80' lang='lat' dir='ltr'>vortat,</span> <span class='ocrx_word' id='word_1_188' title='bbox 825 2106 902 2144; x_wconf 92' lang='lat' dir='ltr'><strong>quo</strong></span> <span class='ocrx_word' id='word_1_189' title='bbox 919 2093 1167 2144; x_wconf 84' lang='lat' dir='ltr'><strong>imperabitis.</strong></span> <span class='ocrx_word' id='word_1_190' title='bbox 1267 2094 1317 2134; x_wconf 84' lang='lat'><strong>10</strong></span> 
     </span>
     <span class='ocr_line' id='line_1_33' title="bbox 210 2146 1292 2198; baseline 0.003 -14"><span class='ocrx_word' id='word_1_191' title='bbox 210 2148 318 2197; x_wconf 83' lang='lat' dir='ltr'><strong><em>Heg.</em></strong></span> <span class='ocrx_word' id='word_1_192' title='bbox 349 2148 451 2186; x_wconf 84' lang='lat' dir='ltr'>Tute</span> <span class='ocrx_word' id='word_1_193' title='bbox 467 2147 536 2186; x_wconf 87' lang='lat' dir='ltr'>tibi</span> <span class='ocrx_word' id='word_1_194' title='bbox 554 2161 577 2185; x_wconf 90' lang='lat' dir='ltr'>a</span> <span class='ocrx_word' id='word_1_195' title='bbox 595 2154 725 2198; x_wconf 85' lang='lat' dir='ltr'>tuopte</span> <span class='ocrx_word' id='word_1_196' title='bbox 742 2147 893 2197; x_wconf 76' lang='lat' dir='ltr'>ingenio</span> <span class='ocrx_word' id='word_1_197' title='bbox 911 2146 1046 2198; x_wconf 86' lang='lat' dir='ltr'>prodes</span> <span class='ocrx_word' id='word_1_198' title='bbox 1063 2148 1292 2198; x_wconf 87' lang='lat' dir='ltr'><strong>plurimum,</strong></span> 
     </span>
    </p>
   </div>
  </div>
 </body>
</html>
