1412 2427
256 39 336 76 296
618 33 842 73 CASINA.
874 33 958 73 111.
986 37 1024 72 2.

511 194 701 234 ACTUS
722 194 806 233 111.
861 191 1045 233 SCENA
1068 194 1126 232 ΙΙ.

487 302 811 340 Creon-RATA.
854 300 1135 338 Atcsssmus.

258 411 358 448 Cleo.
387 408 444 447 Ut
460 420 697 460 properarem
717 419 899 446 arcessere
916 406 1015 445 hanc
1039 406 1089 445 ad
1114 419 1178 445 me
1202 406 1366 446 vicinam

413 474 554 509 meam,
574 461 645 499 hoc
665 469 743 499 erat

257 515 452 568 (Ecastor)
472 515 525 562 id,
543 515 645 566 quod
665 527 726 552 me
744 513 801 551 vir
825 521 931 553 tanto
948 527 1060 565 opere
1077 515 1208 552 orabat
1225 525 1364 559 meus;

255 570 405 607 Liberae
424 569 521 607 aedes
539 576 583 605 ut
602 568 672 606 sibi
692 576 826 615 essent,
848 568 1026 606 Casinam
1046 580 1123 618 quo
1141 567 1352 605 deduceret.

257 624 297 661 N
300 635 375 660 unc
393 622 486 660 adeo
504 622 749 673 nequaquam
767 633 965 670 arcessam,
994 633 1042 659 ne
1059 634 1139 672 qua
1156 620 1367 672 ignavissu-

414 689 488 713 mls

257 729 386 768 Liberi
404 729 476 767 loci
494 735 658 779 potestas
677 728 723 766 sit
743 728 879 766 vetulis
899 728 1126 766 vervecibus.
1343 730 1369 765 5

255 783 345 831 Sed,
379 795 537 882 eccurrii,
556 782 745 833 egreditur
774 781 892 819 senati
924 781 1113 829 columen,
1148 781 1367 833 praesidium

415 849 491 896 ΡΟΡ

256 890 374 928 Meus
393 889 552 934 vicinus,
573 900 660 926 meo
678 887 758 924 viro
776 887 843 937 qui
860 887 1024 925 liberum
1043 891 1188 937 praebet
1203 889 1345 928 locum.

256 945 347 981 Non
366 942 546 991 (ecastor)
561 941 645 978 vilis
658 939 776 978 emtu’
780 948 827 986 st,
845 938 992 990 [modio
1009 941 1076 992 qui
1094 943 1199 980 venit
1217 942 1317 980 salis.
1324 943 1341 994 ]

258 998 346 1034 Alc.
377 996 437 1033 M
429 1007 502 1032 iror
520 995 625 1032 huc
611 1006 692 1043 Jam
711 1005 787 1031 non
807 994 941 1032 arcessi
961 994 1001 1031 in
1020 1007 1255 1046 proxumum
1274 1008 1370 1034 uxo-

415 1061 495 1086 rem
515 1060 656 1094 meam,

258 1103 358 1150 Quae
398 1101 645 1193 jZmdudum,
683 1100 714 1139 si
751 1107 971 1150 arcessatur,
1014 1109 1146 1141 ornata
1181 1109 1372 1194 exspectlag

442 1168 531 1193 omi.

255 1209 344 1257 Sed,
365 1221 506 1257 eccam,
529 1206 699 1261 (opinor)
720 1207 882 1247 arcessit.
925 1208 1051 1254 Salve,
1072 1209 1294 1248 Cleostrata.

879 1261 982 1301 Cleo.
1013 1262 1070 1301 Et
1087 1269 1144 1312 tu,
1164 1263 1371 1302 Alcesime.

255 1317 336 1356 Ubi
355 1325 421 1355 tua
439 1328 537 1355 uxor
550 1319 568 1354 1>

504 1371 595 1408 Alc.
624 1369 738 1407 Intus
756 1369 824 1407 illa
841 1376 893 1415 te,
912 1369 944 1408 si
962 1381 1002 1408 se
1020 1382 1195 1419 arcessas,
1213 1377 1344 1410 manet
1357 1385 1370 1409 t

255 1425 359 1462 Nam
379 1431 469 1462 tuus
488 1424 544 1461 vir
562 1436 624 1461 me
642 1423 776 1471 oravit,
790 1430 835 1460 ut
853 1435 936 1460 earn
954 1422 1052 1462 istuc
1069 1423 1119 1461 ad
1137 1431 1174 1463 te
1192 1425 1368 1475 adjutum

415 1485 619 1515 mitterem.

255 1531 366 1569 Vi’n’
385 1543 515 1570 vocem
528 1531 546 1567 ¹?

472 1585 573 1623 Cleo.
603 1583 694 1623 Sine
707 1598 719 1621 :
750 1583 854 1632 nolo,
873 1581 904 1622 si
922 1590 1106 1635 occupata
1123 1592 1191 1623 est.

1030 1638 1120 1676 Alc.
1144 1637 1282 1677 Otium
1303 1645 1370 1677 est.

259 1691 360 1730 Cleo.
393 1690 434 1728 N
437 1691 466 1728 il
491 1703 640 1729 moror:
670 1690 831 1728 molesta
857 1689 891 1728 ei
918 1703 996 1729 esse
1021 1690 1132 1729 nolo:
1167 1699 1254 1743 post
1281 1704 1370 1731 oon-

419 1757 569 1782 venero.
1320 1744 1372 1783 15

253 1797 341 1835 Ale.
361 1797 454 1835 Non
472 1797 612 1836 ornatis
631 1797 714 1837 istic
731 1797 835 1849 apud
853 1811 920 1837 vos
936 1798 1120 1851 nuptias?

938 1854 1040 1891 Cleo.
1065 1849 1189 1902 Orno,
1209 1859 1247 1891 et
1262 1865 1368 1904 paro.

255 1905 346 1942 Alc.
374 1903 467 1944 Non
482 1919 570 1957 ergo
588 1919 665 1958 opu
668 1906 716 1945 'st
734 1905 949 1956 adjutrice?

646 1961 749 1999 Cleo.
778 1959 876 1998 Sau‘s
895 1959 999 1998 domi
1018 1964 1085 1998 est.
1127 1959 1209 1998 Ubi
1225 1959 1371 2010 nupn'ae

257 2011 429 2060 Fuerint,
462 2019 546 2050 tum
575 2014 687 2052 istam
711 2013 934 2053 convenibo.
979 2013 1097 2052 Nunc
1124 2014 1223 2063 vale,
1257 2022 1373 2066 atque

415 2066 527 2104 istam
543 2068 649 2116 jube.

257 2119 344 2157 Alc.
378 2118 486 2210 Qiuid
513 2133 584 2171 ego
611 2133 715 2161 nunc
741 2122 907 2162 sacam?
934 2121 1123 2173 flagitium
1141 2133 1372 2160 maxumum

431 2186 485 2212 eci
505 2174 633 2223 miser,
1281 2196 1290 2200 .
