1412 2427
422 54 782 94 AULUhARIA.
811 56 862 94 V.
895 57 912 92 l
920 85 929 93 .
1151 54 1227 92 153

119 162 181 201 Εἲι
197 174 238 201 re
254 160 457 213 repudium
475 159 620 198 remisit
638 161 850 200 avunculus
867 161 980 200 musii
996 162 1094 200 mei.

119 216 140 254 I
158 216 281 260 ἐπει-ος
312 214 482 266 exquire,
502 214 598 252 sitne
614 213 683 262 ita,
702 221 747 252 ut
764 227 834 265 ego
850 214 1026 265 praedico.

730 269 830 305 Eue,
858 268 962 305 Perii
979 267 1142 318 oppido!
1175 269 1226 313 70

117 322 180 360 Ita
204 308 301 360 mihi
322 321 371 360 ad
394 321 543 360 malum
568 320 682 358 malae
708 333 766 360 τω
792 321 970 372 plurimae
997 334 1036 359 se
1062 321 1228 373 aggluti-

273 382 379 413 nant.

117 429 190 467 Ibo
207 428 321 478 intro,
341 436 399 476 ut,
419 427 512 480 quid
529 427 646 478 hujus
662 427 741 467 veri
758 427 822 473 sit,
842 427 972 467 sciam.

782 483 880 530 Lyc.
908 482 1002 520 Jam
1021 488 1058 520 te
1076 495 1224 534 sequor.

117 536 214 574 Haec
240 535 515 588 propemodum
536 536 619 585 jam
644 547 723 573 esse
748 534 788 572 in
814 534 911 573 vado
935 535 1066 573 salutis
1087 548 1146 574 res
1170 536 1228 574 vi-

272 590 394 628 detur.

114 643 246 688 Nunc,
267 655 419 681 servum
438 655 516 681 esse
533 641 602 680 ubi
618 641 742 680 dioem
760 654 891 680 meum
902 642 1129 691 Strobilum,
1148 654 1225 682 non

111 749 199 788 Nisi
229 696 439 788 etiaregerihqc
471 748 645 801 opperiar
674 754 802 788 tamen
832 748 1050 802 paulisper3
1093 756 1225 802 postea

113 856 236 895 Hunc
252 803 472 908 siffis-squar.
497 857 614 895 Nunc
631 855 783 895 interim
800 856 968 909 spatium
987 856 1021 896 ei
1038 856 1138 896 dabo
1157 804 1224 895 e7x5

112 963 251 1002 Meum
270 909 480 1024 ἐξπτιξιῗιᾱὲξ
499 970 624 1015 gnatae
640 961 865 1016 pedissequa
881 964 1027 1004 nutrice
1044 977 1132 1004 anu.
1160 963 1224 1004 Ea

272 1029 352 1056 rem
372 1026 490 1055 novit.

379 1175 564 1214 ACTUS
593 1175 643 1213 V.
698 1174 882 1214 SCENA
911 1174 948 1214 Ι.

369 1281 643 1320 STRomLth.
685 1281 968 1320 LYCONIDES.

112 1390 218 1428 Stro.
245 1386 314 1425 Dii
331 1387 584 1429 immortales!
606 1388 746 1440 quibus
765 1396 802 1427 et
819 1388 971 1440 quantis
985 1401 1048 1427 me
1072 1387 1222 1427 donatis

271 1441 420 1491 gaudiis
436 1442 446 1479 2

110 1493 394 1544 Quadrilibrem
412 1494 540 1533 aulam
560 1507 653 1534 auro
669 1502 845 1534 onustam
863 1494 997 1534 habeo.
1041 1494 1141 1543 Quis
1158 1508 1221 1533 me

270 1556 325 1586 est
342 1548 493 1586 divitior
508 1550 526 1587 ‚⁹

109 1602 212 1650 Quis
232 1614 294 1639 me
318 1601 479 1640 Athenis
506 1614 608 1640 nunc
629 1601 752 1653 magis
774 1602 978 1653 quisquam
1007 1611 1062 1641 oet
1089 1601 1219 1650 homo,

269 1656 360 1705 quoi
380 1655 449 1692 Dii
467 1655 543 1693 sint
561 1656 715 1706 propitii
729 1658 748 1694 ?

111 1710 208 1758 Lyc.
237 1707 350 1746 Certo
369 1708 470 1746 enim
490 1721 560 1759 ego
581 1721 710 1747 vocem
729 1710 793 1747 hic
813 1709 1003 1760 loquentis
1025 1709 1140 1748 modo
1157 1721 1221 1747 me

269 1761 399 1799 audire
415 1762 518 1800 visus
537 1774 636 1800 sum.

667 1818 773 1855 Stro.
801 1816 931 1855 Hem.
922 1817 932 1841 ¹

110 1865 312 1906 Herumne
332 1880 402 1919 ego
419 1868 586 1920 adspicio
603 1870 767 1907 meum?

511 1923 609 1972 Lyc.
639 1921 763 1961 Video
783 1935 852 1973 ego
869 1923 972 1963 hunc
992 1923 1219 1966 Strobilum,

585 1987 735 2014 servum
752 1988 883 2015 meum
894 1977 913 2013 ?
1193 1977 1218 2011 5

110 2029 215 2067 Stro.
246 2029 364 2080 Ipsus
382 2035 450 2067 est.

270 2084 367 2131 Lyc.
398 2080 517 2120 Haud
536 2081 635 2119 alius
653 2089 720 2120 est.

429 2137 532 2173 Stro.
560 2135 803 2186 Congrediar.
