1412 2427
425 55 651 95 CASINA.
682 56 767 94 111.
795 58 831 93 5.
1100 54 1180 92 303

59 159 174 207 Falsa
204 161 296 200 dixi.
333 161 453 206 Hera,
486 171 603 214 atque
630 163 711 201 haec
738 163 872 202 dolum
901 175 948 201 ex
978 175 1167 214 proxumo

222 215 326 253 hunc
342 216 592 267 protulerunt.

62 268 148 319 Ego
165 269 242 306 huc
258 268 376 307 missa
393 282 479 307 sum
497 269 643 308 ludere·

224 323 322 360 Stat.
349 323 460 361 Heus
479 323 696 362 Pardalisca
714 324 724 361 Ξ

393 377 519 416 Para.
548 376 655 425 Quid
674 385 729 415 est
745 380 762 416 Ρ

640 429 739 469 Stal.
766 431 840 469 Est
857 456 868 467 .
893 459 903 468 .
920 457 931 469 .
951 452 960 464 .

801 486 927 525 Purd.
955 483 1094 532 Quid?
1124 487 1176 523 50

63 538 163 576 Stat.
193 536 280 586 Est,
301 536 405 589 quod
423 537 509 576 volo
527 538 725 590 exquirere
743 548 766 575 a
787 546 835 576 te.

448 592 574 629 Pard.
601 592 758 630 Moram
777 591 886 630 offers
903 591 1012 629 mihi.

813 646 913 687 Stal.
939 646 999 682 At
1017 651 1059 682 tu
1078 645 1175 682 mihi

63 696 186 735 Offers
203 709 418 739 moerorem.
462 697 539 738 Sed
553 697 718 738 etiamne
731 699 847 737 habet
864 707 902 737 et
918 710 1022 737 nunc
1035 698 1175 737 Casina

67 751 252 790 Gladium
267 754 283 790 ἓ

222 805 350 844 Pard.
378 805 523 853 Habet,
543 805 611 844 sed
629 804 737 844 duos.

383 860 484 897 Stal.
513 858 636 906 Quid,
655 859 780 897 duos?

510 913 636 949 Pard.
664 912 802 951 Altero
820 919 858 951 te
875 913 1086 951 occisurum
1105 912 1172 961 ait,

63 965 200 1004 Altero
218 964 391 1004 villicum
409 965 534 1004 hodie.

221 1021 316 1058 Stat.
343 1018 622 1057 Occisissumus
641 1032 727 1057 sum
746 1020 920 1059 omnium
940 1018 1008 1071 qui
1026 1019 1174 1057 vivunt.

62 1073 240 1111 Loricam
258 1072 418 1110 induam
431 1072 553 1110 mihi:
574 1080 779 1124 optumum
798 1086 876 1112 oese
894 1074 1039 1124 opinor.
1067 1072 1176 1120 Quid

220 1139 319 1164 uxor
1122 1128 1174 1164 55

63 1180 189 1218 Mea?
217 1191 294 1218 non
312 1179 418 1225 adiit,
438 1186 552 1231 atque
573 1179 746 1218 ademit?

423 1235 550 1272 Pard.
576 1234 704 1272 Nemo
722 1232 837 1271 audet
854 1246 972 1286 prope
990 1233 1176 1273 accedere.

64 1288 159 1326 Stat.
189 1287 347 1326 Exoret.

358 1341 484 1378 Pard.
512 1340 621 1380 Orat.
661 1342 792 1391 Negat
809 1353 949 1392 ponere
967 1340 1043 1379 alio
1060 1340 1176 1380 modo

464 1394 545 1432 ullo
561 1394 745 1445 profecto,

61 1447 119 1486 Ni
136 1461 175 1487 se
193 1448 284 1487 sciat
301 1447 427 1487 villico
445 1459 523 1486 non
542 1447 676 1485 datum
693 1447 752 1485 iri,

603 1502 700 1540 Stat.
729 1500 863 1552 Atque
880 1501 1067 1552 ingratiis,
1086 1500 1179 1552 quia

62 1556 155 1594 Non
185 1556 277 1603 volt,
300 1556 420 1594 nubet
445 1554 572 1593 hodie.
618 1555 725 1593 Nam
747 1567 814 1593 cur
835 1567 911 1593 non
938 1567 1010 1605 ego
1030 1554 1069 1592 id
1092 1567 1179 1604 per-

411 1609 488 1647 uod
507 1621 561 1647 coe
588 1608 616 1655 i,

63 1662 120 1701 Ut
148 1664 269 1701 nubat
298 1622 426 1700 mihiq?
454 1662 552 1700 illud
561 1622 740 1713 Pquidem
770 1662 958 1711 volebam,
987 1673 1079 1710 non,
1112 1660 1180 1698 sed

222 1724 349 1754 nostro
366 1715 503 1754 villico.
1123 1715 1176 1752 60

65 1770 194 1808 Para,
224 1769 411 1820 Saepicule
427 1781 571 1819 peccas.

365 1823 465 1860 Stat.
492 1821 631 1860 Timor
648 1821 832 1873 praepedit
849 1823 975 1860 verba.
1012 1822 1175 1868 Verum,

63 1875 244 1922 Obsecro,
265 1875 325 1914 dic
342 1888 406 1914 me
423 1887 583 1913 uxorem
601 1887 722 1923 orare,
742 1883 786 1913 ut
804 1883 933 1914 exoret
951 1875 1074 1923 illam,
1093 1875 1177 1925 gla-

221 1929 330 1967 dium

63 1982 121 2022 Ut
133 1989 264 2035 ponat,
283 1990 321 2022 et
337 1981 459 2021 redire
475 1994 539 2020 me
557 1981 655 2020 intro
674 1990 717 2020 ut
734 1982 856 2021 liceat.

801 2036 928 2073 Pard.
959 2034 1174 2074 Nuntiabo.

67 2091 160 2128 stac.
191 2091 246 2129 Et
265 2098 306 2128 tu
326 2096 443 2128 orato.

301 2144 429 2182 Pard.
447 2143 502 2180 Et
521 2154 590 2193 ego
608 2143 734 2181 orabo.
