1412 2427
196 40 274 77 286
559 40 782 80 CASINA.
813 41 871 79 ΙΙ.
899 43 937 78 5.

671 148 770 186 Stal.
798 148 900 187 Cum
918 158 1084 186 uxorene
1101 149 1188 186 mea
1201 149 1220 186 Ρ
1251 147 1300 186 10

196 199 327 248 Olym.
355 198 488 246 Quam
517 206 559 237 tu
589 199 684 238 mihi
714 213 873 239 uxorem
887 203 905 239 Ρ
938 200 1046 252 quasi
1076 208 1229 239 venator
1255 207 1299 239 tu

382 253 509 291 uidem
528 265 590 300 ως

193 304 286 343 Dies
306 265 420 356 atgue
438 315 563 345 noctes
581 319 670 346 cum
688 319 780 346 cane
798 314 948 346 aetatem
967 307 1100 359 exigis.

194 360 294 397 Stat.
322 359 429 406 Quid
446 360 525 411 agit
538 362 556 398 Ρ
585 360 678 412 quid
695 361 864 412 loquitur
882 369 1006 399 tecum
1017 361 1035 397 P

822 415 951 464 Olym.
980 413 1091 463 Orat,
1112 415 1295 461 obsecrat,

191 465 255 504 Ne
274 464 452 504 Casinam
472 479 632 504 uxorem
651 467 801 506 ducam.

822 521 919 559 Stal.
948 519 1055 568 Quid
1072 527 1116 558 tu
1135 525 1265 571 postea
1277 520 1297 556 ‚⁹

194 573 324 621 Olym.
353 572 502 622 Negavi
522 573 622 610 enim
641 573 713 625 ipsi
731 586 792 611 me
811 585 1074 612 concessurum
1092 572 1198 622 Jovi,
1249 572 1297 609 15

190 625 232 665 Si
252 625 284 663 is
302 637 451 663 mecum
471 634 604 664 oraret.

616 680 715 717 Stal.
741 679 809 717 Dii
828 687 865 718 te
883 679 1082 718 servassint
1099 678 1208 717 mihi.

192 733 322 781 Olym.
354 731 472 770 Nunc
489 731 529 769 in
548 731 732 770 fermento
751 741 829 771 tota
843 733 915 778 ’st;
944 733 997 770 ita
1015 739 1141 782 turget
1157 731 1267 769 mihi.

191 787 289 824 Stal.
321 784 485 836 Edepol,
505 798 573 836 ego
592 785 698 823 illam
716 786 882 824 mediam
903 786 1097 836 diruptam
1115 785 1244 823 velim.

193 840 322 888 Olym.
338 838 459 876 Credo
474 838 642 890 (edepol)
656 851 748 888 esse,
760 839 947 890 siquidem
959 846 1001 876 tu
1013 838 1114 889 frugi
1123 839 1233 876 bonae
1244 849 1298 875 es.

189 891 336 929 Verum
359 891 524 942 (edepol)
543 899 609 929 tua
626 892 722 929 mihi
740 892 868 930 odiosa
883 893 930 931 ’st
947 891 1086 929 amatio
1103 905 1114 928 :
1243 892 1294 928 20

188 945 351 983 Inimica
369 952 423 981 est
443 952 508 982 tua
526 957 622 982 uxor
639 945 749 993 mihi,
773 945 949 984 inimicus
966 945 1081 993 filius,

188 997 343 1036 Inimici
362 997 578 1035 familiares.

589 1052 690 1090 Stal.
719 1051 827 1099 Quid
844 1051 884 1089 id
900 1050 1014 1089 refert
1027 1049 1125 1090 tua?
1147 1059 1150 1063 ⁴

188 1105 301 1143 Unus
319 1103 388 1142 tibi
406 1103 468 1142 hic
487 1103 579 1141 dum
599 1105 785 1155 propitius
804 1105 852 1143 sit
869 1104 1039 1156 Jupiter,

189 1157 253 1195 Tu
273 1158 361 1195 istos
379 1157 545 1195 minutos
559 1170 647 1196 cave
664 1158 766 1196 Deos
784 1157 1030 1196 floccifeceris.

188 1213 318 1260 Olym.
339 1211 466 1261 Nugae
485 1218 573 1248 sunt
590 1211 671 1248 istae
689 1224 862 1261 magnae:
884 1210 994 1262 quasi
1011 1218 1054 1248 tu
1073 1210 1229 1258 nescias,

183 1265 358 1314 Repente
376 1272 419 1301 ut
438 1264 668 1301 emoriantur
686 1264 846 1302 humani
863 1265 891 1302 J
895 1277 994 1302 oves.
1240 1264 1292 1302 26

186 1317 262 1355 Sed
280 1316 433 1354 tandem
452 1317 483 1354 si
502 1324 544 1354 tu
563 1317 718 1368 Jupiter
736 1317 786 1355 sis
804 1324 1012 1365 emortuus,

183 1370 314 1417 Quom
334 1370 383 1408 ad
402 1370 504 1408 Deos
521 1370 684 1408 minores
702 1370 852 1408 redierit
867 1382 1029 1421 regnum
1049 1376 1175 1418 tuum,

183 1424 283 1470 Quis
301 1423 397 1460 mihi
414 1423 610 1461 subveniet
629 1430 747 1474 tergo,
767 1431 835 1462 aut
852 1423 979 1474 capiti,
1000 1431 1067 1461 aut
1086 1422 1257 1461 cruribus
1272 1425 1290 1461 Ρ

185 1479 284 1516 Stal.
313 1476 505 1527 Opinione
522 1476 659 1515 melius
676 1489 733 1515 res
751 1477 821 1514 tibi
842 1476 980 1514 habeat
997 1483 1076 1524 tua,
1239 1477 1292 1514 30

183 1530 225 1569 Si
242 1530 314 1567 hoc
330 1529 592 1580 impetramus,
612 1538 656 1567 ut
674 1542 744 1580 ego
766 1541 855 1567 cum
874 1529 1016 1568 Casina
1037 1530 1184 1566 cubem.

187 1584 317 1632 Olym.
345 1583 437 1620 Non
457 1581 626 1634 (hercle)
647 1583 779 1634 opinor
797 1594 907 1633 posse
919 1597 934 1632 3
962 1582 1016 1619 ita
1033 1594 1130 1619 uxor
1142 1581 1276 1620 acriter

184 1636 273 1674 Tua
290 1637 421 1684 instat,
440 1647 488 1673 ne
504 1635 601 1673 mihi
619 1635 741 1674 detur.

734 1690 834 1727 Stal.
861 1688 921 1726 At
938 1700 1007 1740 ego
1025 1687 1078 1727 sic
1095 1701 1208 1740 agam
1221 1703 1233 1727 ε

182 1742 395 1792 Conjiciam
413 1741 542 1779 sorteis
559 1741 600 1779 in
619 1741 800 1786 sitellam,
820 1749 857 1780 et
875 1742 1008 1780 sortiar

181 1796 273 1833 Tibi
292 1803 328 1833 et
346 1794 520 1833 Chalino.
559 1795 620 1832 Ita
638 1807 719 1832 rem
744 1802 875 1833 natam
893 1795 1063 1845 intelligo
1075 1810 1087 1833 τ
1234 1795 1286 1833 35

179 1850 390 1887 Necessum
408 1854 463 1886 est
480 1848 597 1886 vorsis
615 1848 752 1898 gladiis
770 1849 1032 1899 depugnarier.

178 1903 310 1951 Olym.
338 1900 445 1948 Quid
463 1901 495 1938 si
513 1914 590 1939 sors
608 1901 729 1949 aliter,
749 1915 865 1952 quam
883 1902 998 1949 voles,
1018 1901 1180 1941 evenerit
1194 1901 1214 1939 ⁰?

176 1957 275 1994 Stal.
306 1953 508 1992 Benedice.
537 1954 624 1992 Diis
643 1967 730 1992 sum
747 1955 884 2000 fretu’3
910 1954 1016 1993 Deos
1034 1955 1282 2006 sperabimus.

176 2011 305 2058 Olym.
334 2008 427 2045 Non
443 2020 512 2058 ego
530 2007 628 2045 istuc
646 2010 805 2046 verbum
824 2008 989 2046 emissim
1007 2008 1215 2047 titivillitio.

171 2063 279 2100 Nam
297 2073 427 2099 omnae
445 2061 620 2099 mortales
639 2060 724 2099 Diis
743 2068 831 2099 sunt
848 2061 933 2099 freti
946 2075 958 2099 ε
990 2061 1054 2100 sed
1073 2069 1202 2101 tamen
1216 2062 1282 2099 ⁷40

167 2114 261 2154 Vidi
281 2127 351 2165 ego
370 2113 458 2152 Diis
476 2113 590 2152 fretos
608 2127 706 2165 saepe
725 2115 866 2153 multos
884 2114 1016 2166 decipi.
