1412 2427
234 51 308 90 196
533 51 870 92 BACCHIDES.
900 52 974 90 1v.
999 54 1037 90 4.

231 156 375 195 Nullus
399 156 500 210 frugi
525 171 604 197 esse
627 166 749 209 potest
775 158 905 205 homo,
938 157 1010 196 nisi
1032 157 1098 209 qui
1120 164 1157 196 et
1181 157 1276 195 bene
1300 163 1338 196 et

389 212 488 250 male
505 211 625 250 facere
643 220 756 249 tenet.
1288 211 1338 249 10

231 262 435 314 Improbus
463 277 550 302 cum
575 264 757 316 improbis
779 263 843 311 sit,
867 263 1072 315 harpagetz
1103 262 1251 302 furibus
1277 263 1340 301 fu-

387 325 503 365 retur,
525 317 628 368 quod
647 325 785 368 queat:

230 368 481 420 versipellem
517 371 619 421 frugi
653 370 827 409 convenit
852 383 931 410 esse
966 369 1174 417 hominem,
1209 376 1340 421 pectus

387 424 478 473 quoi
497 424 607 475 sapit.

229 474 362 514 Bonus
381 476 430 513 sit
439 477 573 522 bonis3
603 477 729 515 malus
748 477 795 515 sit
812 477 946 516 malis:
976 483 1184 528 utcumque
1201 488 1259 515 res
1278 475 1340 524 sit,

389 529 443 567 ita
461 530 634 568 animum
651 529 802 569 habeat.

228 581 303 620 Sed
326 582 433 620 lubet
462 582 566 631 scire,
593 590 781 633 quantum
805 594 941 620 aurum
959 581 1072 620 herus
1096 581 1167 620 sibi
1188 581 1339 630 demsit,

387 642 424 673 et
440 635 535 686 quid
553 648 622 674 suo
640 635 803 673 reddidit
821 635 932 686 patri.

227 687 269 727 Si
287 687 389 740 frugi
404 696 472 737 est,
490 688 699 727 Herculem
714 688 802 727 fecit
816 701 863 726 ex
882 694 1011 740 patre:
1033 687 1234 727 decumam
1252 699 1340 738 par-

385 749 461 780 tem
481 741 516 780 ei
1287 741 1335 778 15

225 793 370 841 Dedit,
399 794 471 833 sibi
487 807 622 833 novem
645 794 816 832 abstulit.
863 794 953 842 Sed,
973 806 1088 846 quem
1108 805 1250 846 quaero,
1271 806 1339 845 op-

384 854 491 886 tume
510 860 593 886 ecce
611 847 766 886 obviam

225 899 329 938 Mihi
356 908 422 938 est.
462 902 571 939 Num
597 900 666 951 qui
687 899 839 937 nummi
862 899 1096 949 exciderunt,
1123 899 1227 948 here,
1256 897 1339 947 tibi,

385 954 487 1004 quod
508 953 559 991 sic
577 962 718 991 terram

223 1004 393 1044 Obtuere
410 1009 427 1044 Ρ
457 1006 551 1058 quid
569 1018 634 1044 vos
652 1011 803 1043 moestos
829 1012 908 1043 tam
934 1005 1135 1057 tristesque
1153 1018 1233 1045 esse
1250 1016 1340 1044 con-

382 1072 398 1096 s
427 1060 504 1098 icor
518 1059 536 1095 ’ἓ

220 1111 314 1150 Non
337 1073 482 1163 plaIc'eu
521 1124 590 1150 nec
619 1119 674 1150 ost
699 1119 839 1150 temere
861 1110 987 1150 etiam.
1027 1111 1136 1160 Quin
1161 1111 1259 1151 mihi
1283 1124 1342 1151 re-

382 1165 577 1216 spondetis
588 1164 606 1202 Ρ

224 1219 357 1257 Mnes.
387 1219 582 1269 Chrysale,
603 1218 749 1256 occidi!

429 1274 524 1311 Chr.
554 1271 739 1310 Fortassis
759 1279 800 1309 tu
820 1271 903 1309 auri
921 1271 1090 1310 demsisti
1108 1284 1261 1323 pamm.
1291 1272 1344 1309 20

223 1326 281 1362 M
281 1337 358 1363 nes
389 1325 486 1373 Qui,
506 1325 668 1373 malum,
687 1327 857 1376 parum?
885 1325 1007 1363 immo
1026 1338 1114 1363 vero
1131 1325 1254 1363 nimio
1272 1325 1345 1363 1111-

381 1390 455 1416 11115
473 1377 598 1415 multo
615 1391 766 1429 pamm.

224 1431 318 1470 Chr.
349 1431 456 1479 Quid
483 1431 615 1482 igitur,
640 1430 782 1469 stulte?
809 1430 992 1482 quoniam
1017 1431 1161 1470 ocoesio
1190 1431 1238 1469 ad
1257 1445 1341 1471 eam

379 1497 459 1523 rem
476 1484 551 1521 fuit

220 1536 316 1575 Mea
341 1537 480 1575 virtute
503 1543 624 1588 parta,
649 1543 707 1585 ut,
731 1543 919 1587 quantum
945 1536 1073 1585 velles,
1098 1543 1250 1576 tantum
1275 1549 1340 1577 su-

379 1602 514 1636 meres,

219 1642 283 1680 Sic
298 1642 370 1681 hoc
389 1642 558 1693 digitulis
577 1641 726 1681 duobus
744 1643 919 1680 sumebas
937 1642 1202 1692 primoribus?

219 1695 284 1733 An
309 1696 513 1743 nesciebas,
541 1708 658 1746 quam
687 1695 874 1745 ejusmodi
897 1695 1045 1734 homini
1071 1709 1156 1736 raro
1183 1704 1339 1749 tempus

377 1762 415 1786 se
433 1748 570 1786 daret?
1275 1753 1328 1788 25

218 1802 352 1840 1117185.
381 1802 509 1839 Erras.

488 1856 583 1894 Chr.
613 1853 666 1892 At
686 1854 841 1905 quidem
860 1862 941 1893 tute
959 1853 1102 1904 errasti,
1124 1868 1242 1908 quom
1261 1870 1334 1909 pa-

588 1920 674 1945 rum
693 1908 877 1946 immersti
896 1908 1084 1958 ampliter.

216 1962 349 2000 Mne-5.
377 1961 463 2008 Pol,
497 1968 554 2009 tu,
577 1973 694 2012 quam
726 1972 839 2007 nunc,
865 1973 929 2000 me
949 1973 1100 2002 accuses
1129 1961 1266 2014 magis,
1299 1965 1332 2003 si

373 2014 497 2066 magis
515 2027 596 2052 rem
615 2014 777 2053 noveris.

216 2066 379 2106 Occidi!

271 2121 365 2159 Chr.
382 2119 550 2159 Animus
564 2121 644 2170 jam
661 2120 754 2159 istoc
767 2119 866 2159 dicto
880 2120 967 2171 plus
984 2121 1206 2173 praesagitur
1219 2123 1325 2164 mali.
