1412 2427
199 34 276 68 :320
498 29 894 69 CISTELLARIA.
927 29 961 66 Ι.
991 28 1025 64 l.

493 189 678 229 ACTUS
708 189 742 227 Ι.
798 188 983 228 SCENA
1014 187 1048 225 Ι.

369 297 612 336 sumnum.
670 296 977 333 GYMNASHJM.
1033 293 1178 333 Lam.

222 406 293 443 Sil.
323 403 423 442 Cum
452 415 521 454 ego
543 402 718 441 antidhac
744 410 780 440 te
807 402 946 450 amavi,
978 409 1014 440 et
1040 400 1136 439 mihi
1167 400 1328 440 amicam

379 469 458 494 esse
476 468 589 502 crem,

221 510 315 549 Mea
340 510 608 560 Gymnasium,
638 515 674 546 et
701 515 861 546 matrem
892 515 1024 553 tuam,
1013 521 1023 531 ·
1054 515 1139 546 tum
1166 507 1205 545 id
1236 506 1332 545 mihi

381 563 492 601 hodie

219 616 450 669 Aperuistis‚
469 623 511 654 tu
530 623 644 667 atque
662 614 755 653 haec.
810 614 922 653 Soror
940 615 973 652 si
991 627 1079 653 mea
1094 627 1204 663 esses,

224 672 306 718 Qui
324 670 447 720 magis
464 669 630 730 potueris
647 668 744 705 mihi
761 667 972 705 honorem
961 681 1015 706 1re
1031 668 1222 716 habitum,

224 724 386 769 Nescio;
414 724 501 770 nisi,
521 730 565 760 ut
582 734 691 760 meus
709 728 764 759 est
781 721 946 769 animus,
966 720 1047 760 fieri
1312 723 1336 758 5

226 778 317 815 Non
334 789 442 828 posse
460 775 643 814 arbitror:
673 774 740 821 ita,
760 773 937 812 omnibus
955 773 1093 813 relictis
1111 775 1237 820 rebus

226 831 330 869 Mihi
349 829 586 881 frequentem
604 840 758 880 operam
776 827 941 866 dedistis
997 827 1059 866 Eo
1077 840 1146 879 ego
1165 841 1231 866 vos

164 911 166 913 -
226 886 358 928 Amo;
389 891 426 921 et
444 895 488 921 eo
507 895 529 919 a
547 894 610 920 me
627 892 808 931 magnam
828 879 951 918 inistis
969 881 1143 931 gratiam.

230 939 348 986 Ggsm.
378 936 460 981 Pol,
479 935 572 972 istoc
589 934 745 986 quidem
764 945 831 971 nos
849 933 970 984 pretio
987 933 1095 972 facile
1113 940 1168 972 ωε

225 991 480 1050 Frequentare
498 987 580 1035 tibi,
601 987 788 1038 utilesque
806 986 968 1025 habere·
1289 988 1338 1026 10

230 1044 248 1080 Ι
253 1051 291 1081 ta
309 1044 348 1080 in
366 1041 528 1094 prandio
545 1053 612 1079 nos
629 1039 755 1092 lepide
773 1046 887 1091 atque
904 1039 1021 1078 nitide

229 1098 267 1134 A
270 1097 421 1147 ccepisti
438 1095 542 1147 apud
561 1103 611 1142 te,
631 1102 675 1132 ut
693 1106 840 1144 semper
857 1093 1157 1132 meminerimus.

228 1151 300 1189 Sil.
333 1149 575 1200 Lubentique
604 1147 773 1199 (edepol)
805 1146 934 1184 animo
962 1147 1135 1193 factum3
1164 1153 1201 1186 et
1228 1146 1293 1186 fiet
1317 1160 1340 1185 a

387 1215 464 1250 me,

231 1259 331 1305 Quae
350 1269 415 1294 vos
433 1255 640 1294 arbitrabor
658 1255 770 1304 velle,
791 1268 835 1293 ea
852 1261 897 1293 ut
915 1261 1163 1306 expetessam.

232 1313 352 1349 Lena.
384 1309 502 1357 Quod
537 1308 602 1346 ille
631 1308 743 1357 dixit,
775 1309 843 1360 qui
879 1307 1043 1347 secundo
1071 1315 1184 1347 vento
1216 1315 1345 1347 vectus

392 1371 462 1411 est,
1295 1362 1343 1399 15

235 1417 463 1468 Tranquillo
481 1415 592 1463 mari,
615 1423 772 1454 ventum
791 1415 939 1466 gaudeo
959 1413 1138 1466 (ecastor)
1159 1415 1208 1454 ad
1227 1422 1263 1454 te
1279 1430 1289 1453 ε

232 1472 294 1509 lta
311 1470 422 1508 hodie
439 1471 503 1508 hic
522 1477 683 1519 acceptae
700 1482 833 1507 sumus
850 1468 1028 1507 suavibus
1045 1467 1193 1514 modis;

232 1525 328 1571 Nec,
348 1524 420 1561 nisi
438 1522 652 1574 disciplina,
672 1522 776 1573 apud
793 1530 830 1560 te
847 1521 921 1560 fuit
938 1521 1150 1572 quidquam

234 1577 311 1625 lbi,
332 1577 425 1628 quin
444 1576 541 1614 mihi
560 1576 734 1627 placeret.

661 1631 734 1667 Sil.
763 1628 870 1676 Quid
887 1628 954 1675 ita,
976 1629 1143 1667 amabo?

234 1685 354 1721 Lena,
384 1683 488 1721 Raro
506 1682 670 1720 nimium
689 1681 802 1720 dabat
821 1681 923 1732 quod
942 1681 1110 1720 biberem
1126 1697 1136 1721 ι
1168 1689 1283 1735 atque
1302 1682 1343 1720 id

393 1748 543 1787 merum
1291 1738 1345 1774 20

235 1787 470 1828 Infuscab'at„

398 1844 515 1891 (ἔψη.
543 1843 712 1889 Amabo,
732 1842 876 1880 hiccine
893 1842 995 1880 istud
1014 1842 1120 1880 decet
1133 1845 1152 1881 Ρ

236 1898 356 1934 Lena.
384 1895 536 1947 Jusque
552 1895 684 1947 fasque
703 1903 781 1933 est:
810 1907 923 1935 nemo
941 1895 1085 1934 alienus
1103 1896 1167 1934 hic
1183 1903 1251 1935 est.

1105 1951 1179 1987 Sil.
1204 1949 1348 1988 Merito

235 2003 376 2042 Vostro
394 2015 480 2041 amo
500 2016 579 2051 vos,
599 2003 690 2054 quia
707 2015 770 2040 me
789 2002 910 2041 colitis
929 2010 965 2041 et
983 2002 1248 2053 magnifacitis.

236 2059 358 2095 Lena.
375 2056 494 2095 Decet
510 2055 627 2108 (pol),
643 2069 729 2095 mea
743 2056 945 2105 Silenium,
960 2056 1064 2094 hunc
1082 2069 1161 2094 esse
1178 2056 1349 2095 ordinem

235 2110 521 2149 Benevolenteis
539 2110 636 2149 inter
655 2123 705 2155 se,
726 2111 896 2160 beneque
914 2109 1080 2148 amicitia
1100 2109 1221 2155 utier3
1297 2111 1350 2147 25
