1412 2427
173 45 247 84 186
459 45 796 85 BACCHIDES.
828 47 908 85 III.
938 48 976 85 3.

168 153 218 191 In
250 163 355 190 mare
387 151 442 196 it;
480 164 560 191 rem
592 152 817 191 familiarem
847 160 982 200 curat3
1017 152 1180 192 custodit
1211 152 1280 192 do-

332 217 470 242 mum.

174 257 402 309 Obsequens
420 257 671 311 obediensque
690 265 746 298 est
763 258 862 297 mori
880 266 994 310 atque
1020 258 1188 310 imperiis
1214 271 1285 310 pa-

176 363 255 402 Hic
273 310 417 402 50ᾱὲ
430 363 662 402 Pistoclero
648 377 730 414 Jam
749 376 842 415 puer
860 377 978 416 puero
996 363 1081 402 fuit.
1232 313 1283 348 55

178 416 371 454 Triduum
389 429 464 454 non
482 417 634 455 interest
652 418 786 463 aetatis,
805 426 889 456 uter
906 418 1028 466 major
1045 417 1137 455 siet:

179 469 329 508 Verum
364 469 563 521 ingenium
598 470 684 521 plus
717 470 872 521 triginta
909 469 1018 508 annis
1053 471 1181 519 majus
1217 477 1287 519 est,

342 535 459 573 quam
478 522 596 560 alteri.

183 576 291 614 Phil.
325 574 427 636 Cave
445 575 606 624 malum,
626 583 662 614 et
679 588 870 627 compesce
893 575 933 613 in
957 575 1069 614 illum
1087 575 1207 615 dicere
1231 576 1290 614 in·

340 635 454 677 Ἠλεῖε.
453 683 503 720 L
490 682 554 731 „sd
577 681 705 719 Tace.

185 734 334 774 Stultus
348 747 399 783 es,
415 735 482 786 qui
495 735 552 772 illi
567 735 665 772 male
680 746 777 785 aegre
791 741 917 785 patere
931 734 1020 782 dici,
1035 735 1103 786 qui
1116 735 1218 775 facit.
1238 736 1290 774 60

186 788 292 826 Nam
318 764 584 878 illuinunmeum
614 788 759 825 malum
785 795 974 839 promtare
999 788 1148 838 malim,
1175 801 1291 841 quam

347 853 414 891 pec
473 853 538 878 um

193 894 302 932 Phil.
323 893 406 941 Qui
425 893 550 931 dum?

467 948 517 984 L
504 947 568 995 ιμί
597 945 715 995 Quia,
735 947 881 986 malum
906 948 938 986 si
964 955 1142 999 promtet,
1161 948 1201 986 in
1219 947 1297 988 dies

589 999 701 1038 faciat
718 1000 856 1038 minus.

194 1052 453 1143 Mraes.(12uid
471 1052 638 1143 sodalgm
656 1065 787 1092 meum
805 1053 982 1105 castigas,
996 1053 1119 1105 Lyde,
1134 1053 1297 1107 discipu·

370 1119 436 1144 um
454 1114 565 1144 tuum

195 1159 297 1211 Lyd.
317 1159 435 1198 Periit
454 1159 522 1198 tibi
539 1159 691 1198 sodalis.

513 1215 646 1251 Mnes.
667 1213 729 1252 Ne
746 1213 815 1252 Dii
833 1213 954 1253 sirint.

800 1269 903 1317 Lyd.
925 1267 987 1307 Sic
1006 1275 1073 1312 est,
1093 1276 1138 1306 ut
1154 1268 1300 1320 loquor.

196 1318 305 1368 Quin
346 1331 429 1370 eg0,
470 1332 588 1372 quom
626 1320 785 1372 peribat,
825 1320 902 1359 vidi
915 1335 927 1359 z
975 1333 1050 1360 non
1088 1334 1135 1360 ex
1171 1322 1302 1360 audito

356 1385 484 1423 arguo.
1250 1376 1302 1413 65

199 1428 257 1466 Μ
258 1438 334 1465 nes.
353 1425 461 1474 Quid
478 1426 622 1465 factum
641 1426 716 1465 'st?

412 1481 515 1529 Lyd.
533 1479 775 1521 Meretricem
793 1479 948 1530 indigne
965 1479 1121 1531 deperit.

852 1534 984 1570 Mnes.
1003 1534 1093 1571 Non
1112 1540 1155 1571 tu
1173 1540 1271 1572 taces
1285 1536 1303 1572 ?

200 1586 304 1635 Lyd.
331 1583 388 1624 At
405 1598 491 1636 quae
509 1597 700 1623 acerrume
718 1593 832 1637 atque
850 1594 1005 1625 aestuose
1022 1587 1208 1635 absorbet,
1237 1587 1305 1626 ubi

355 1651 545 1689 quemque
563 1638 697 1689 attigit.

202 1691 261 1728 Μ
261 1702 333 1728 nes.
357 1691 438 1730 Ubi
457 1704 500 1729 ea
517 1692 655 1730 mulier
672 1692 817 1730 habitat
830 1694 847 1729 ’ἓ

417 1746 519 1794 Lyd.
541 1745 632 1782 Hic.

520 1799 651 1836 .Mnes.
680 1798 793 1836 Unde
813 1811 896 1837 eam
916 1811 994 1837 esse
1012 1799 1119 1837 aiunt
1131 1802 1150 1838 ’ἓ

975 1854 1076 1903 Lyd.
1095 1853 1160 1891 Ex
1178 1853 1309 1892 Samo.

171 1962 176 1964 -
205 1903 335 1941 Mnes.
359 1904 459 1952 Quae
478 1907 661 1942 vocatur?

485 1959 574 2007 Lyd
605 1959 777 1997 Bacchis.

602 2013 661 2049 M
660 2025 733 2051 nes.
754 2012 883 2073 Erraq,
904 2013 1037 2065 Lyde:
1068 2025 1137 2064 ego
1155 2024 1308 2052 omnem

719 2078 799 2104 rem
819 2079 908 2116 selo,
