1412 2427
188 26 266 62 242
500 24 830 64 CAPTEIVEI.
862 25 920 64 ΙΙ.
948 26 986 62 3.

186 132 298 178 Haec,
316 144 382 182 per
400 131 590 169 dexteram
612 138 734 179 tuam,
753 139 791 169 te
809 130 962 170 dextera
980 131 1143 170 retinens
1161 143 1294 178 manu,

186 184 368 231 Obsecro,
388 185 572 222 infidelior
589 185 685 222 mihi
702 197 750 223 ne
768 185 866 232 fuas,
886 197 1003 236 quam
1020 197 1089 235 ego
1108 197 1193 223 sum
1214 184 1294 223 tibi.

188 237 254 276 Tu
271 238 342 276 hoc
360 251 429 289 age
444 252 454 275 ε
485 246 527 276 tu
544 238 642 276 mihi
659 238 771 276 herus
788 250 890 276 nunc
904 252 956 284 es,
977 246 1018 276 tu
1037 246 1233 289 patronus,
1251 245 1294 276 tu

373 300 472 330 ater:

186 343 279 382 Tibi
297 305 519 383 coiinnendo
537 358 619 396 spes
637 357 805 396 opesque
823 357 938 382 meas.

690 399 839 436 Pln’loc.
859 397 1095 436 Mandavisti
1113 397 1212 435 satis.
1242 397 1293 434 85

184 450 319 489 Sati'n'
338 451 468 499 habes,
486 450 667 489 mandata
683 464 770 502 quae
787 459 889 499 sunt,
910 451 1008 489 facta
1024 451 1056 489 si
1073 450 1192 489 refero
1204 453 1222 489 Ρ

1036 505 1161 554 Tynd.
1181 503 1293 542 Satis.

185 558 337 595 Philoc.
354 557 408 596 Et
425 557 507 605 tua,
523 564 560 596 et
575 556 653 605 tufi,
672 557 748 595 huc
763 564 917 596 ornatus
935 558 1126 596 reveniam
1144 569 1192 595 ex
1210 569 1294 595 sen-

344 611 472 649 tentia.

183 663 389 716 Numquid
408 664 542 703 aliud?

350 719 474 767 Tynd.
495 719 566 766 Ut,
586 717 873 769 quamprimum
891 717 1024 768 possis,
1048 717 1191 756 redeas.

881 771 1031 808 Plciloe.
1053 771 1130 809 Res
1148 777 1290 808 monet.

183 826 287 874 Heg.
306 825 470 876 Sequere
487 837 564 873 me,
583 824 763 863 viaticum
790 830 835 862 ut
852 823 940 862 dem
958 823 1048 862 hinc
1068 837 1092 862 a
1110 824 1294 874 trapezita

345 878 414 916 tibi
428 892 438 915 :

183 931 335 970 Eadem
353 931 468 982 opera
484 944 507 969 a
523 938 681 982 praetore
699 942 851 968 sumam
869 930 1141 981 syngraphum.
1182 950 1185 951 ν

634 985 759 1034 Tynd.
779 983 908 1031 Quem
927 981 1213 1034 syngraphum?
1242 985 1295 1023 90

182 1039 291 1088 Heg.
321 1037 450 1085 Quem
475 1037 537 1075 hic
556 1037 651 1076 ferat
676 1050 805 1076 secum
825 1037 876 1074 ad
901 1036 1105 1088 legionem,
1132 1037 1222 1076 hine
1239 1037 1294 1076 ire

342 1091 432 1130 huic
450 1099 494 1130 ut
510 1092 621 1130 liceat
639 1091 811 1130 domum.

184 1144 250 1184 Tu
269 1145 368 1184 intro
387 1145 461 1183 abi.

324 1200 449 1250 Tynd.
469 1199 575 1237 Bene
593 1199 801 1237 ambulato.

584 1253 736 1290 Philoc.
755 1253 864 1291 Bene
880 1251 974 1289 vale.

767 1307 873 1354 Heg.
891 1304 1055 1356 Edepol,
1070 1317 1151 1343 rem
1166 1317 1293 1344 meam

183 1359 446 1407 Constabilivi‚
462 1372 578 1411 quom
597 1359 682 1398 illos
697 1359 772 1397 emi
790 1359 837 1396 de
855 1358 984 1409 praeda
998 1371 1020 1395 a
1034 1359 1294 1410 quaestoribus.

182 1413 374 1464 Expedivi
392 1425 439 1451 ex
458 1412 636 1451 servitute
655 1413 794 1460 filium,
813 1412 844 1450 si
863 1411 949 1449 Diis
968 1412 1102 1462 placet.

180 1467 241 1505 At
263 1466 377 1505 etiam
408 1466 592 1513 dubitavi,
626 1467 694 1504 hos
725 1465 898 1504 homines
925 1477 1104 1513 emerem,
1137 1478 1187 1503 an
1216 1477 1294 1503 non

344 1532 521 1567 emerem,
543 1519 621 1557 dju.
1241 1520 1293 1557 95

182 1574 338 1612 Servate
350 1573 467 1611 istum
481 1572 588 1610 sultis
605 1572 722 1620 intus,
739 1572 856 1610 servi:
887 1584 935 1610 ne
949 1585 1143 1623 quoquam
1157 1571 1294 1623 pedem

182 1626 330 1665 Efferat
345 1626 424 1664 sine
443 1625 609 1663 custode.
666 1626 754 1677 Ego
772 1627 959 1676 apparebo
978 1625 1092 1662 domi.

181 1679 251 1717 Ad
268 1679 423 1718 fratrem
442 1679 557 1717 modo
577 1680 743 1730 captivos
762 1679 854 1718 alios
871 1679 992 1717 inviso
1010 1691 1129 1717 meos.

180 1732 328 1771 Eadem
355 1734 616 1784 percontabor,
646 1733 774 1784 ecquis
802 1732 905 1771 hunc
925 1732 1199 1771 adolescentem
1222 1743 1294 1770 no-

340 1794 447 1824 vent.

181 1840 347 1891 Sequere
365 1848 421 1887 tu,
443 1847 480 1878 te
503 1848 546 1877 ut
565 1838 766 1879 amittam:
796 1840 831 1879 ei
849 1839 903 1879 rei
927 1839 1097 1892 primum
1120 1838 1295 1892 praevorti

343 1893 439 1931 volo.
1215 1893 1292 1930 100
