1412 2427
448 39 748 79 ASINARIA.
778 39 813 78 1.
846 41 880 78 l.
1169 40 1217 85 ¹71

109 146 240 198 Atque
257 159 327 198 ego
346 159 409 185 me
426 146 465 184 id
481 146 602 185 facere
620 146 763 185 studeo.
792 146 896 185 Volo
915 147 1036 184 amari
1054 158 1076 183 3
1096 147 1190 186 meis
1205 161 1218 194 ;

111 200 212 237 Volo
230 213 292 238 me
310 199 427 251 patris
444 201 520 238 mei
538 200 716 247 similem,
737 200 818 251 qui,
838 212 949 238 causa
966 200 1067 249 mea,

108 253 341 292 Nauclerio
330 267 410 305 lpse
428 262 564 291 ornatu
582 266 649 305 per
666 253 871 302 fallaciam,
1167 256 1218 292 55

105 304 242 353 Quam
260 310 451 354 amabam,
472 307 633 345 abduxit
651 309 699 344 ab
718 307 853 345 lenone
871 306 1085 344 mu1ierem.

108 360 247 411 Neque
265 361 405 411 puduit
423 373 512 399 eum
529 361 570 398 id
590 361 708 399 aetatis
724 360 989 411 sycophantias

103 413 272 461 Struere,
294 422 329 452 et
347 414 537 453 beneficiis
555 427 618 452 me
636 427 758 452 emere
775 423 937 465 gnatum
956 426 1069 452 suum
1089 414 1172 453 sibi.

106 466 187 504 Eos
204 480 268 505 me
286 468 508 506 decretum'
510 476 546 506 st
562 480 647 518 pers
649 468 737 519 equi
755 480 877 505 mores
895 466 1029 516 patris.

108 520 216 558 Nam
234 533 296 559 me
313 521 425 560 hodie
443 522 562 560 oravit
577 521 818 573 Argyrippus
835 521 950 567 fihus,
1167 521 1218 560 60

107 573 178 612 Uti
197 574 268 612 sibi
287 576 431 613 amanti
448 576 609 613 facerem
625 575 773 626 argenti
791 574 966 626 copiam.

107 626 162 665 Et
179 627 220 664 id
234 641 304 678 ego
322 629 501 680 percupio
519 629 678 680 obsequi
696 636 811 680 gnato
829 640 927 666 meo.

107 680 209 719 Volo
227 682 348 719 amori
366 684 588 721 obsecutum
605 682 733 720 1111115·
721 711 733 728 ,
756 682 841 719 volo
863 688 964 720 amet
982 693 1045 719 me
1058 689 1221 731 patrem.

106 733 360 786 Quamquam
378 736 490 774 inum
509 744 629 774 mater
647 744 748 774 arcte
770 743 1017 786 contenteque
1035 735 1163 781 habet,

107 788 240 827 Patres
258 796 303 826 ut
320 799 616 828 consueverunt:
648 803 717 840 ego
734 789 846 827 mitto
864 789 993 827 omnia
1017 788 1110 826 haec.
1168 789 1218 826 65

107 841 338 890 Praesertim,
359 856 477 894 quom
495 843 527 881 is
545 856 608 881 me
626 843 801 894 dignum,
823 842 913 894 quoi
933 841 1182 888 concrederet,

106 895 271 942 Habuit,
293 909 356 935 me
374 898 514 935 habere
529 896 712 934 honorem
731 897 813 946 ejus
830 895 983 947 ingenio
1002 895 1106 933 decet
1124 909 1133 934 ε

63 947 238 996 Quom
264 962 327 988 me
358 950 464 999 adiit,
498 956 542 988 ut
572 950 828 1002 pudentem„
805 957 965 988 «rnatum
996 962 1151 1000 aequum
1171 949 1220 988 'st

295 1011 440 1049 atrem;

106 1053 234 1105 Cupio
252 1016 310 1094 gs
299 1069 332 1094 e
349 1057 481 1096 amicae
499 1057 603 1109 quod
620 1056 684 1095 det
700 1065 902 1108 argentum
922 1069 1012 1094 suae.

108 1109 247 1147 Liban.
277 1110 398 1161 Cupis
414 1111 468 1160 id,
489 1111 593 1162 quod
611 1123 746 1162 cupere
771 1118 808 1148 te
825 1110 1086 1162 nequidquam
1105 1109 1218 1146 intel-

322 1176 357 1202 ο.
1165 1164 1217 1207 70

105 1163 322 1254 Dotaleul]lg
308 1230 458 1256 servum
476 1218 658 1256 Sauream
675 1230 772 1255 uxor
790 1224 856 1255 tua

107 1268 299 1317 Adduxit,
319 1272 409 1322 quoi
427 1271 515 1322 plus
533 1272 574 1308 in
592 1283 711 1308 manu
731 1270 793 1316 sit,
813 1282 930 1331 quam
950 1269 1032 1308 tibi.

106 1324 278 1362 Demaen.
308 1324 525 1385 Argentum
543 1324 692 1375 accepi;
723 1324 842 1362 dote'
832 1324 1035 1375 imperium
1056 1322 1220 1362 vendidi,

106 1376 148 1413 N
151 1389 225 1415 unc
242 1379 382 1416 verba
372 1391 412 1415 ln
431 1391 553 1428 pauca
571 1378 777 1425 conferam,
793 1377 888 1428 quid
906 1385 943 1415 te
961 1377 1091 1415 velim.

106 1429 287 1481 Viginti·
272 1444 355 1480 jam
373 1445 445 1470 11511
448 1432 496 1468 'st
514 1431 592 1469 filio
611 1430 756 1482 argenti
774 1430 902 1468 11111115.
1161 1432 1212 1474 75

106 1482 220 1533 Face,
240 1483 281 1521 id
299 1493 343 1522 ut
360 1493 538 1536 paratum
554 1485 637 1534 jam
656 1485 718 1522 sit

705 1538 846 1576 Liban.
881 1537 996 1576 Unde
1013 1537 1186 1588 gentium
1201 1539 1218 1576 ?

106 1592 281 1631 Demoen.
309 1592 380 1631 Me
398 1591 631 1631 defraudato.

579 1647 720 1684 Liban.
750 1645 962 1683 Maxumas
983 1658 1106 1696 nugas
1124 1644 1219 1695 agis.

108 1698 230 1738 Nudo
248 1699 444 1738 detrahere
462 1699 684 1738 vestimenta
700 1712 763 1737 me
778 1700 902 1748 jubae.

107 1752 340 1791 Defraudem
361 1761 398 1792 te
416 1755 517 1804 ego?
546 1766 616 1804 age
634 1753 697 1798 sis,
717 1761 760 1790 tu
779 1753 858 1790 sine
877 1752 1012 1803 pennis
1032 1751 1131 1790 vola.

110 1805 217 1843 Tene
232 1819 300 1857 ego
319 1806 555 1854 defraudem,
575 1807 666 1858 quoi
684 1806 757 1857 ipsi
775 1806 872 1843 nihil
888 1814 943 1844 aet
961 1806 1001 1843 in
1020 1818 1154 1853 manu,

108 1859 197 1897 Nisi
215 1859 309 1910 quid
327 1868 370 1898 tu
388 1872 499 1911 porro
517 1873 676 1898 uxorem
695 1859 1005 1898 defraudaveris?
1169 1858 1216 1895 81

107 1915 289 1951 Demaen.
318 1913 411 1961 Qua
430 1927 506 1961 me,
523 1914 601 1965 qua
619 1926 792 1962 uxorem,
813 1913 891 1965 qua
903 1922 945 1951 tu
960 1925 1111 1953 servum
1126 1913 1224 1951 Sau-

270 1979 376 2005 rfflm

111 2021 240 2068 Potes,
261 2020 515 2069 circumduce,
533 2021 665 2066 ausen
695 2020 877 2072 promitto
896 2021 964 2059 tibi

111 2074 204 2113 Non
223 2074 453 2123 offuturum,
471 2076 503 2113 si
519 2074 561 2113 id
578 2075 690 2114 hodie
708 2074 884 2114 effeceris.
